1964 3660
20 198 24 203 ”
112 235 144 281 42
369 219 595 267 meruit

112 316 162 354 tem
173 305 200 352 ed
212 303 310 367 regione
320 301 372 350 coeli
390 302 415 349 8c
425 301 476 364 ejus
486 303 532 350 Dei
542 301 655 350 nunciam
667 299 766 350 venisse.
790 303 855 351 circa

112 380 234 428 summum
253 380 348 428 culmen
365 380 470 428 hominis
495 377 630 444 auspicium
650 377 738 429 secille.
766 379 855 427 levasse

111 456 219 503 humano
231 454 408 522 superpositum
419 456 493 522 capiti
505 455 585 518 decus,
605 467 633 504 ut
643 455 761 505 divinitus
776 454 857 510 eidem

111 528 230 578 redderet.
265 533 315 578 Has
324 528 376 595 spes
396 528 603 594 cogitationesque
622 529 703 578 secum
722 539 856 596 portantes,

112 606 196 654 urbem
210 607 306 670 ingrelli
325 607 387 670 sunt,
410 607 583 672 domicilioque
599 607 633 655 ibi
653 616 805 672 comparato,
823 607 856 656 L.

23 699 26 705 ⁴
113 681 279 743 Tarquinium
296 682 402 730 Priscum
419 682 515 731 edidere
532 697 631 730 nomen.
666 682 783 730 Romanis
797 695 857 728 con-

113 753 225 820 spicuum
233 771 288 806 eum
300 760 398 809 novitas
409 756 550 824 divitiaeque
561 757 697 818 faciebant:
710 757 794 823 &ipse
805 757 857 805 for·

113 839 199 879 tunam
210 831 317 896 benigno
333 833 451 898 alloquio,
468 835 583 882 comitate
600 830 731 892 invitandi,
742 829 858 878 benefici-

113 906 190 972 isque,
203 925 265 973 quos
276 921 379 977 poterat,
389 910 432 960 fibi
441 910 603 973 conciliando,
614 907 762 972 adjuvabat;
780 906 860 957 donec

114 983 140 1032 in
159 987 253 1050 regiam
264 1003 362 1052 quoque
373 987 403 1036 de
414 1003 444 1035 eo
456 985 521 1035 sama
531 986 622 1052 perlata
632 984 679 1034 est:
697 983 860 1046 notitiamque

114 1073 169 1109 eam
180 1061 260 1124 brevi,
279 1063 344 1127 apud
356 1078 437 1126 regem
448 1062 579 1110 liberaliter
589 1062 722 1123 dextroque
742 1056 859 1108 obeundo

115 1136 203 1199 efficia,
220 1139 246 1186 in
263 1137 392 1186 lanuliaris-
404 1138 517 1185 amicitiae
541 1136 676 1184 adduxerat
690 1136 753 1198 jura,
770 1145 799 1182 ut
813 1150 860 1200 pu-

113 1210 182 1260 blicis
194 1213 284 1278 pariter
294 1229 323 1261 ac
334 1212 436 1278 privatis
445 1211 548 1261 consiliis
557 1212 614 1259 belli
626 1210 742 1274 domique
760 1211 859 1260 interes-

114 1285 163 1336 set:
182 1291 214 1351 er,
230 1305 274 1355 per
290 1291 373 1339 omnia
389 1298 511 1355 expertus,
529 1288 650 1354 postremi>
666 1296 734 1337 tutor
745 1289 818 1336 etiam
829 1287 859 1336 li·

115 1361 179 1410 beris
191 1366 253 1427 regis
265 1367 407 1414 testamento
418 1364 594 1413 institueretur.

122 1453 126 1460 ·
148 1439 259 1507 XXXV.
284 1440 409 1503 Regnavit
420 1442 503 1487 Ancus
513 1453 590 1487 annos
607 1435 749 1502 quatuor&
761 1435 860 1499 viginti,
881 1456 882 1460 ¹

115 1507 218 1562 eulllbt't
226 1513 378 1582 superiorum
397 1530 483 1579 regum
494 1515 550 1564 belli
569 1513 683 1580 pacisque
695 1513 720 1561 a
730 1512 823 1562 artibus
835 1512 861 1564 δι

115 1587 193 1649 gloria
204 1606 256 1656 par.
291 1595 347 1656 Jam
358 1591 401 1641 filii
413 1606 491 1658 prope
501 1591 618 1658 puberem
630 1600 725 1638 aetatem
735 1601 812 1638 erant.
831 1593 862 1638 eb

116 1667 194 1727 magis
208 1669 360 1731 Tarquinius
372 1669 466 1730 instare,
477 1678 505 1716 ut
516 1673 589 1732 quam
598 1667 706 1733 primum
715 1666 862 1714 comitiare-

116 1740 142 1803 εἰ
154 1742 258 1791 creando
270 1743 365 1794 fierent.
401 1744 498 1809 Quibus
514 1741 617 1806 indietis,
634 1742 678 1790 sirb
695 1752 790 1808 tempus
801 1757 862 1808 pue-

95 1867 100 1874 ,
115 1830 156 1867 ros
167 1829 285 1869 renatum
301 1821 433 1886 ablegavit.
467 1820 535 1886 isque
546 1820 639 1887 primus
650 1818 675 1867 ἃ
686 1814 768 1882 petlffe
783 1816 862 1868 ambi·

117 1893 179 1944 riola
189 1909 300 1961 regnum,
321 1895 346 1946 ἀ
356 1897 495 1946 orationem
514 1894 604 1946 dicitur
619 1889 727 1944 habuisse
737 1893 769 1943 ad
780 1893 864 1943 conci.

117 1969 210 2021 liandos
229 1973 307 2038 plebis
325 1975 421 2026 animos
438 1974 613 2044 compositam:
632 1976 714 2040 Qum,
725 1972 752 2036 se
767 1985 807 2020 non
817 1984 865 2019 rem

118 2062 199 2096 novam
212 2058 303 2114 petere:
320 2053 398 2117 quippe
414 2052 449 2116 qui
465 2067 504 2100 non
515 2051 608 2117 primm,
628 2048 682 2115 quod
690 2047 796 2112 quisquam
807 2045 864 2094 indi·

114 2124 182 2190 gnari
190 2124 297 2173 mirarive
305 2125 377 2190 paffet,
383 2127 425 2191 sed
433 2126 508 2175 tertius
519 2126 590 2174 Rome
596 2123 721 2189 peregrinus
731 2136 819 2186 regnum
828 2120 865 2184 as-

113 2191 200 2254 sedet.-
220 2197 247 2244 dr
258 2199 348 2246 Tatium
359 2215 398 2246 non
406 2213 432 2247 ex
438 2197 634 2263 peregrinosoiim‚
641 2195 753 2260 sedetiam
765 2208 790 2242 ex
800 2193 865 2258 hoste,

118 2283 191 2333 regem
197 2266 301 2329 sosium:
320 2271 348 2318 dr
360 2274 470 2332 Numam,
482 2271 579 2335 ignarum
594 2265 706 2329 urbiam
713 2275 830 2331 petentem,
841 2270 866 2318 in

117 2356 207 2408 regnum
220 2344 275 2392 altri
284 2345 384 2392 accitum.
420 2347 455 2407 Se,
472 2361 498 2395 ex
508 2359 546 2410 quo
552 2343 588 2410 fici
597 2352 670 2408 potent
676 2341 757 2405 fuerit,
772 2343 866 2394 Romam

119 2434 167 2467 oum
177 2417 262 2487 conjuge
272 2434 297 2467 ac
302 2419 403 2482 fortunis·
410 2418 502 2467 omnibus
513 2417 675 2484 commigriiffe:
692 2418 795 2480 majorem
809 2430 865 2484 par-

120 2501 165 2542 tem
175 2495 241 2543 atatis
249 2495 303 2559 ⁴ejus,
322 2496 364 2560 qud
380 2495 478 2543 civilibus
496 2494 570 2554 officiis
576 2496 698 2560 fimgantur
708 2491 808 2554 homines,
821 2496 866 2546 Ro·

120 2585 160 2618 me
171 2569 204 2632 se,
218 2570 282 2633 quam
298 2559 321 2619 in
331 2571 498 2634 velerepatrie'1,
510 2565 600 2635 'vixisse
629 2567 685 2616 domi
696 2566 813 2632 militiaque
825 2567 867 2633 snb

122 2637 179 2693 baud
185 2646 303 2709 patriando
314 2646 422 2712 magistro,
432 2646 476 2710 ipso
487 2646 548 2693 Anco
555 2659 612 2709 rege,
621 2645 717 2690 Romana
722 2644 747 2707 se
752 2643 814 2705 jura,
822 2645 867 2693 Ro·

123 2737 195 2788 manos
206 2722 260 2770 ritus
271 2721 368 2788 didssilis·
403 2721 500 2788 Obsequio
516 2720 543 2768 da
554 2717 687 2784 obstruentis
698 2719 720 2766 in
729 2733 801 2784 regem
820 2734 868 2768 mm

123 2796 224 2858 amnibus,
244 2796 372 2863 benignitate
382 2815 433 2865 erga
443 2799 496 2847 alias
511 2812 558 2845 cum
568 2810 618 2861 rege
629 2794 671 2859 ipso
682 2793 774 2857 certciffl.
809 2798 868 2844 Hac

125 2884 179 2916 eum
192 2871 256 2920 haud
267 2871 325 2921 salsa
335 2884 521 2934 memorantem,
539 2870 631 2932 ingenti
642 2866 757 2916 consensu
765 2869 869 2933 populus

123 2943 437 3017 Romanusngnaejuffit.
466 2951 534 3015 Fuge
545 2947 636 3010 vinna,
644 2954 724 3000 cetera
734 2945 869 3069 egrpgiunn

789 3025 868 3081 eruta,
