1964 3660
373 235 396 287 t.
413 235 427 286 1
444 238 463 286 n
480 237 541 287 nn
575 234 623 286 vt.
818 240 864 298 ³6³

114 342 154 379 tle
164 325 266 378 darent:
284 324 310 378 ἃ
320 327 396 378 oriffe
407 327 511 392 singulos
523 325 709 390 universosque,
725 336 754 375 ut
767 329 868 393 Capito·

94 407 182 471 „lium
192 416 265 471 atque
284 422 365 456 arcem
382 407 513 468 intuentes,
530 416 559 453 ut
578 404 609 454 ad
630 407 696 452 Deos
716 404 868 454 immortale·

121 484 193 548 verli,
210 483 276 533 dese
290 484 437 549 judicarent.
473 486 503 533 In
514 497 603 548 campo
615 482 709 532 Martio
722 496 798 546 quum
809 499 867 533 cen·

119 560 232 609 turiatim
244 561 349 628 populus
360 561 484 622 citaretur,
496 559 597 620 arens,
609 557 640 606 ad
651 558 803 624 Capitolium
814 575 868 609 ma·

64 698 66 703 ⁸
121 648 166 684 nur
182 635 289 699 tendens,
306 637 339 686 ab
349 635 491 685 hominibus
502 633 533 682 ad
550 638 618 682 Deos
629 648 712 700 preces
723 634 867 698 avertillem

121 712 234 777 apparuit
251 710 364 776 tribunis,
380 707 424 759 nifi
441 708 527 758 oculos
544 722 645 772 quoque
659 708 788 759 hominum
805 711 867 760 libe·

120 784 208 837 rtlsent
226 786 259 835 ab
277 787 340 836 tanti
358 785 480 835 memoria
500 782 604 845 decoris,
623 797 748 847 nunquam
769 785 822 834 foro
840 788 867 836 in
918 831 923 837 ,

122 863 299 930 praeoccupatis
308 863 431 913 beneficio
441 859 529 910 animis
538 873 602 909 vero
611 859 708 908 crimini
717 861 809 910 locum.
821 865 868 911 lta
940 871 941 875 ’

121 937 231 1007 prodisti
243 939 295 1003 ¹die,
312 941 338 989 in
350 939 495 989 Poetelinum
511 936 595 985 lucum
615 944 686 984 extra
703 947 800 1002 portam
813 942 868 989 No·

122 1025 272 1079 mentamm,
288 1013 354 1064 unde
372 1012 514 1081 conspestus
529 1011 555 1062 in
569 1012 721 1078 Capitolium
738 1027 789 1061 non
801 1012 868 1077 effct,

121 1091 255 1139 concilium
271 1090 356 1157 populi
373 1089 491 1153 indifium
507 1087 551 1137 est.
563 1093 565 1096 ’
575 1088 609 1137 ibi
628 1088 720 1137 crimen
737 1089 823 1152 valuit,
842 1090 869 1140 ἃ

122 1163 248 1216 obliinatis
259 1164 345 1215 animia
355 1165 420 1215 triste
426 1164 556 1229 judicium,
574 1165 732 1230 invilumque
745 1166 820 1214 ctiam
829 1165 869 1230 ju·

121 1242 226 1305 dicibus,
243 1236 342 1291 fletum.
361 1246 422 1290 Sunt
432 1243 474 1306 qui
489 1256 533 1307 por
544 1241 697 1306 duumviros,
715 1243 758 1307 qui
770 1232 800 1291 de
812 1258 868 1309 per·

123 1319 249 1369 duellione
263 1317 430 1384 anquirerent,
447 1327 549 1382 creatos,
572 1318 682 1368 auiiorcs
702 1319 747 1369 sint
766 1321 868 1370 damna-

122 1408 185 1446 tum.
204 1396 297 1446 tribuni
308 1397 339 1447 de
350 1395 410 1447 saxo
423 1396 534 1462 Tarpeio
545 1384 834 1463 dejecerunt:'locusque
847 1402 868 1448 i·

121 1473 177 1524 dem
189 1476 214 1524 in
226 1490 278 1524 uno
287 1476 387 1524 homine
399 1474 424 1525 ἃ
435 1474 533 1524 eximiae
544 1474 628 1538 glorie
639 1487 829 1525 monumentum
841 1479 868 1530 ee

121 1565 199 1618 poenae
209 1551 302 1603 ultima
321 1551 378 1601 suit.
413 1550 520 1614 Adjetiae
536 1561 637 1599 mortuo
654 1551 802 1601 notaeiunt:
821 1568 868 1618 pu·

120 1629 185 1678 blica
196 1643 258 1687 una;
276 1628 351 1693 qnod,
369 1642 445 1693 quum
462 1625 550 1677 domus
567 1626 618 1688 ejus
636 1624 723 1689 initiet,
741 1629 784 1676 ubi
802 1642 869 1680 nunc

121 1704 183 1753 aedcs
195 1714 269 1768 atque
280 1703 378 1752 officina
388 1706 498 1751 Monetae
509 1701 551 1763 est,
563 1701 640 1749 latum
651 1702 682 1749 ad
694 1705 814 1768 populum
824 1707 867 1769 est,

121 1796 152 1829 ne
164 1781 217 1844 quir
229 1777 345 1845 patricius
356 1776 383 1827 in
392 1786 503 1826 arceant
516 1777 641 1842 Capitolio
653 1778 789 1828 habitaret:
808 1796 867 1844 gen.

121 1857 198 1905 tilicia
210 1856 303 1915 altera;
321 1854 386 1919 quod
397 1853 477 1917 gentis
488 1853 588 1902 Manlia
602 1853 702 1904 decreto
712 1865 811 1904 cautum
825 1856 867 1921 est,

120 1946 152 1981 ne
164 1933 216 1996 quia
234 1930 322 1980 deinde
339 1933 378 1980 M.
391 1929 499 1978 Manlius
510 1939 652 1979 vocaretur.
686 1935 760 1981 Hunc
771 1933 869 1984 exitum

121 2007 209 2056 habuit
221 2007 268 2069 vir,
285 1996 329 2056 nili
340 2007 366 2054 in
378 2005 455 2056 libera
464 2004 567 2053 civitate
579 2015 649 2053 natus
661 2003 727 2069 effer,
744 2023 868 2057 memora.

120 2083 186 2132 bilis.
216 2083 343 2150 Populum
351 2081 432 2144 brevi,
445 2080 572 2147 postquam
584 2081 720 2146 periculum
730 2082 761 2132 ab
772 2099 803 2132 co
812 2084 867 2133 nul·

119 2159 172 2207 lum
183 2169 243 2222 erat,
262 2175 306 2225 per
322 2158 346 2207 se
363 2157 426 2224 ipsae
440 2156 611 2207 recordantem
625 2157 737 2222 virtutes,
754 2158 868 2209 desideri·

118 2251 163 2286 um
175 2236 226 2299 ejus
238 2237 325 2287 tenuit.
344 2234 478 2302 pestilentia
490 2235 565 2284 etiam
576 2232 649 2283 brevi
660 2234 799 2312 consecuta,
815 2236 868 2287 nul·

119 2315 149 2364 lis
160 2315 344 2365 occurrentibus
356 2324 428 2364 tanta
440 2311 514 2364 cladis
525 2312 617 2380 causis,¹
626 2327 659 2364 ex
671 2315 800 2366 Manliano
810 2315 868 2384 sup·

120 2392 197 2458 plicio
207 2408 302 2456 magnae
312 2393 376 2458 parti
388 2390 470 2442 videri
480 2401 551 2442 orta:
568 2391 675 2440 violatum
688 2393 817 2458 Capitolium
828 2396 869 2463 ff

114 2470 221 2534 fringuine
226 2470 356 2533 servatoris.
374 2483 412 2516 ner
422 2469 477 2517 Diis
487 2469 544 2516 cordi
552 2469 619 2534 fuiffe
626 2480 711 2533 peram
720 2472 765 2533 ejus
776 2471 869 2522 oblatam
927 2482 929 2486 '

116 2549 187 2612 prope
197 2545 320 2616 oculissseis,
338 2546 401 2610 rique
411 2544 453 2610 sua
469 2543 551 2611 templa
559 2553 636 2611 erepta
651 2545 768 2597 emmaus
778 2547 869 2611 bostium

119 2619 194 2687 efferet.
760 2671 762 2675 ,
954 2614 956 2629 ’

154 2699 229 2748 ΧΧΙ.
247 2696 409 2749 Pestilentiam
421 2698 507 2765 inopia
516 2695 623 2764 frugum,
635 2698 661 2750 ἃ
671 2698 798 2766 vulgatam
807 2703 868 2755 utri·

120 2773 195 2842 usque
207 2776 265 2825 mali
280 2776 372 2826 famam
386 2792 452 2826 anno
469 2776 610 2844 insequente
625 2780 758 2846 multiplex
774 2782 867 2834 bellum

118 2854 229 2920 excepit,
247 2856 278 2902 L.
291 2853 391 2903 Valerio
400 2859 524 2919 quartum,
542 2859 575 2905 A.
585 2857 682 2907 Manlio
692 2858 802 2921 tertium,
814 2865 866 2911 ser.
886 2898 888 2907 ι

121 2930 231 2996 Sulpicio
243 2932 351 2996 tertium,
368 2935 400 2981 L.
409 2932 536 2998 Lucretio,
553 2937 585 2986 L.
595 2936 696 2984 AEmllio
708 2937 815 3000 tertium,
825 2941 866 2989 M.

124 3009 266 3080 Trebonio,
282 3011 388 3067 tribunis
397 3010 506 3066 muitum
518 3011 776 3089 consulari-potestate.
810 3017 866 3067 Ho-

181 3124 185 3129 -
470 3091 526 3158 Ως
818 3091 865 3150 ner
