1964 3660
125 133 162 214 'ts
382 148 423 208 n.
457 143 625 208 srvit.-

126 243 234 311 praeferri
243 243 336 296 secures
348 242 471 308 viderunt,
488 256 591 306 magnus
602 240 698 307 plebem
706 237 873 291 metusinoes·

125 319 163 383 fit,
181 331 208 369 ut
220 322 364 370 intentiores
379 317 452 369 essent
464 318 495 367 ad
508 316 573 367 ditio
584 316 728 383 parendum.
755 331 833 380 neque
844 325 874 368 e-2

126 398 192 457 nim,
208 406 237 444 ut
247 397 272 444 in
281 394 429 458 consulibus,
446 395 488 459 qui
500 394 552 459 pari
563 392 680 459 potestate
691 391 773 454 essent,
790 392 873 443 ulteri-¹

125 485 154 520 us
165 471 295 534 auxilium,
312 487 394 536 neque
404 471 553 537 provocatio
568 480 633 528 erat;
655 484 735 533 neque
745 469 822 518 ullum
832 467 875 519 us·.

125 561 209 612 quam,
227 547 271 595 nili
282 546 308 596 io
325 563 384 596 cura
401 546 509 613 parendi,
526 545 655 594 auxilium.
689 544 782 595 Sabinis
796 543 874 592 ctiam

125 631 220 672 creatus
231 625 316 672 Romae
323 622 430 672 disiator
449 622 489 684 (eo
499 621 577 685 magis
585 620 651 686 quod
660 629 760 686 propter
769 618 793 668 se
804 634 873 671 creat

125 707 180 747 tum
191 698 353 760 crediderant)
364 711 459 748 metum
470 699 573 748 inculsit.
592 699 674 762 itaque
685 697 778 759 legatos
789 694 819 744 dc
828 711 874 762 pa-

126 790 156 824 ce
166 777 277 825 mittunt.
305 776 403 842 quibus,
416 778 542 826 orantibus
553 774 695 825 dictatorem
705 771 876 837 senatumque,

126 861 155 900 ut
164 854 263 902 veniam
274 855 362 903 erroris
371 853 513 904 hominibus
523 850 716 902 adolescentibus
725 847 819 911 darent,
834 862 876 903 re<

126 926 258 994 sponsum3
276 931 354 996 ignosci
372 929 527 994 adolescentibus
534 926 598 994 posse,
609 925 692 992 sendus
707 940 746 974 oon
759 922 823 991 posse,
838 922 876 988 qui

126 1000 179 1052 delia
189 1022 215 1055 ex
226 1003 283 1054 bellis
289 1008 394 1072 sererent.
424 1004 505 1055 aslum
519 1015 601 1054 tamen
615 1001 648 1050 esi
659 1001 689 1050 de
700 1015 775 1067 pace:
793 1000 872 1066 impe·

125 1087 240 1148 tntaque
253 1081 328 1144 soret,
344 1083 370 1144 fi,
387 1081 456 1146 quod
472 1078 586 1146 impeusae
599 1076 691 1127 sosium
701 1077 728 1124 in
738 1076 830 1126 bellum
846 1091 872 1122 e-

126 1166 173 1218 rat,
190 1157 299 1222 praeslare
312 1157 393 1204 Sabini
414 1154 448 1214 (id
464 1155 528 1202 enim
540 1151 687 1217 postulatum
705 1156 766 1216 erat)
783 1153 808 1199 in
820 1149 873 1213 anif

126 1245 197 1280 mum
208 1231 365 1281 induxissent.
399 1229 493 1279 Bellum
510 1226 653 1284 inituim..
671 1229 751 1278 tacita:
768 1227 875 1278 induciae'

127 1305 241 1373 quietum
251 1321 343 1354 annum
354 1314 463 1352 tenuere.

161 1384 235 1429 XIX.
254 1380 371 1429 Consules
382 1384 432 1428 Ser.
442 1378 569 1444 Sulpicius,
587 1381 626 1428 M.
639 1378 746 1428 Tunius,
764 1378 824 1427 nihil
836 1376 876 1426 di·

127 1472 204 1522 gnum
215 1459 334 1518 memorii
342 1455 431 1506 osium.
450 1459 485 1504 T.
496 1455 610 1504 AEbutius
622 1453 741 1505 deinde&
753 1459 781 1502 C.
794 1460 874 1503 Vetu-

127 1533 182 1585 fius.
217 1535 263 1584 His
279 1532 418 1584 consulibus
428 1535 447 1582 F
448 1532 525 1583 idenae
535 1531 640 1596 obsessos,
659 1531 821 1581 crustmneria
832 1548 874 1582 ca·

89 1626 92 1630 ’
130 1619 182 1676 pta,
200 1608 315 1658 Praeneste
325 1609 357 1658 ab
369 1609 463 1660 Latinis
474 1608 505 1658 ad
514 1611 639 1659 Koounos
650 1606 762 1657 descivit.
779 1622 824 1656 nce
834 1608 873 1656 ul·

126 1689 166 1734 tri
177 1685 400 1750 bellumLatinum,
413 1683 512 1750 gliscens
521 1687 574 1751 jam
582 1701 626 1754 per
636 1685 733 1749 aliquot
739 1700 825 1747 annos,
834 1684 876 1745 diff

126 1761 214 1812 iatum.
244 1766 276 1812 A.
286 1762 540 1826 Postumiusdisiator,
553 1768 588 1813 T.
601 1763 714 1813 AEbutius
725 1762 837 1825 magister
847 1778 873 1810 c-

128 1839 234 1904 qultum,
244 1841 343 1904 magnis.
349 1841 427 1906 copiis
435 1839 545 1907 pedimm
554 1841 712 1905 equitumque
722 1838 833 1905 professi,
843 1837 876 1900 ad

121 1914 209 1965 'lacum
221 1916 344 1980 Regillum
352 1917 379 1964 in
389 1931 449 1979 agro
463 1915 605 1966 Tusculano
614 1915 706 1981 agmini
714 1914 820 1965 hostium
832 1930 875 1965 oc·

128 2002 266 2042 curremus.
286 1993 318 2057 u,
330 1993 388 2058 qula
400 1993 550 2058 Tarquinios
561 1992 607 2042 effe
615 1994 641 2044 io
651 1993 762 2042 exercitu
771 1993 877 2043 Latino-

127 2085 184 2122 rum
193 2069 305 2121 auditum
318 2071 358 2134 est,
377 2070 484 2120 sustineri
495 2071 531 2120 ira
542 2085 591 2121 non
602 2071 691 2135 potuit,
708 2070 768 2134 quin
780 2083 876 2121 extem-

128 2145 172 2212 plo
184 2146 352 2208 confligcrent.
371 2147 525 2207 Ergoetiam
536 2145 646 2211 praelium
655 2146 789 2207 aliquanto,
802 2153 876 2211 quim

127 2229 216 2280 cetera,
234 2219 334 2280 gravius
344 2229 419 2282 atque
427 2220 534 2268 atrocius
545 2218 601 2267 suit
624 2219 749 2266 nonenim
760 2219 832 2269 duces
843 2219 876 2271 ad

127 2291 260 2355 tegendam
271 2294 347 2343 modo
358 2293 458 2344 consilio
469 2292 627 2356 comosum,
645 2291 694 2357 secl,
712 2293 809 2343 suismet
820 2295 876 2361 ipsc

126 2370 273 2435 corporibus
283 2368 433 2433 umumoes,
449 2369 566 2420 miscuere
578 2370 719 2420 certamina.
747 2386 793 2420 nec
809 2372 875 2437 quisq

129 2461 204 2512 quam
214 2460 345 2512 procerum
356 2445 433 2497 ferme
444 2447 490 2496 hac
502 2458 543 2496 aut
552 2448 592 2496 illa
603 2463 636 2497 ex
645 2449 697 2497 acie
708 2447 756 2497 sure
766 2448 876 2515 vulnere,

100 2564 104 2573 .
129 2532 216 2590 proter
227 2521 370 2572 disiatorem
379 2526 530 2586 Romanum,
542 2521 707 2592 excellitssln
717 2525 876 2592 Postumium,

67 2622 76 2644 ,ι
129 2601 208 2668 prima
224 2600 249 2649 in
261 2601 314 2650 acic
331 2600 387 2651 suos
397 2600 568 2652 adhortantem
581 2603 792 2670 instruentemque,
811 2609 877 2656 Tar·

128 2676 229 2742 quinius
240 2676 369 2743 Superbus,
387 2692 527 2742 quanquam
537 2679 588 2741 jem
599 2691 669 2730 aetate
680 2681 704 2730 ἃ
716 2682 811 2731 viribus
825 2691 878 2732 erat

131 2754 239 2817 gravior,
257 2767 348 2824 equum
368 2752 466 2801 infestus
483 2754 592 2805 admisit:
617 2756 724 2821 tuusque
744 2758 774 2807 ab
793 2758 876 2822 latere¹

131 2827 251 2876 concursu
263 2825 485 2894 suorumrssoeptus
496 2830 612 2879 intutum
623 2832 664 2878 esi.
691 2834 723 2880 Et
731 2831 761 2880 ad
773 2832 876 2885 alterum
913 2856 916 2860 ⁴

131 2917 211 2957 toruu
219 2903 456 2981 AEbutiusrnagisiet
464 2906 575 2973 equitum
589 2909 616 2958 iu
622 2906 756 2969 ¹Odorium
766 2909 876 2959 Mamili«

832 2995 883 3033 um
