1964 3660
139 215 302 363 Zaadoocatd,
315 207 665 366 peditibgequiLoicfspXchmItiox
674 304 786 365 ‘agones
802 292 892 347 mm]

140 390 187 427 rene
197 377 287 442 pietatis
297 370 436 440 memo-crgo
442 366 539 439 flitriam
552 366 749 439 direrectssuatum
755 373 817 438 fore.
831 374 884 438 pie·

139 464 187 502 cere
197 446 274 514 autem,
292 451 385 501 omnibus
398 450 432 499 hit
446 449 591 517 uoluntariam
602 460 664 501 extra
677 451 771 500 ordinem
784 452 885 518 ptuftfflr
964 497 968 503 .

140 528 244 579 ecditiam
254 544 295 577 era
302 529 428 595 procedere.
442 527 561 593 &equiti
571 538 652 579 certus
662 544 778 579 numerus
788 530 841 579 aerir
851 528 886 579 est
940 544 946 555 ⁸

140 605 278 670 affiguntur.
314 609 383 654 Tum
393 598 583 672 ptimnrffequic
597 622 689 656 merere
700 608 794 673 equites
803 621 885 674 coepe-

140 693 208 734 nont.
242 683 402 733 voluntarius
414 682 498 733 dusius
514 685 636 734 exercituo
648 679 725 748 Vejos
735 700 787 735 non
799 683 892 750 amiffa.

141 760 219 811 modo
229 760 332 809 restituit
343 774 428 826 opera,
445 759 485 810 scd
497 775 565 810 nova
576 762 652 810 etiam
663 761 775 811 instituit.
799 761 832 811 ab
842 775 884 810 ur-

142 837 174 888 be
188 849 339 889 commeatus
353 840 493 903 intentiore,
511 846 585 905 quam
596 851 677 904 antea,
694 839 798 891 subvehi
809 840 868 889 curi
876 857 886 903 ς

142 914 242 983 nequid
253 928 304 966 tam
315 917 379 966 bene
390 919 480 967 merito
490 919 611 967 exercitui
622 915 653 966 ad
665 917 736 967 usum
747 913 845 968 decffet.

175 994 250 1047 vm.
268 993 399 1060 insequens
411 1009 490 1044 annus
506 995 618 1045 tribunos
635 995 742 1045 militum
762 994 885 1044 consulari

142 1071 261 1141 potestate
277 1072 364 1122 habuit
392 1073 571 1122 c.·Servilium
589 1072 694 1122 Ahalam
714 1072 822 1135 tertium,
848 1075 884 1136 Q.

141 1144 282 1209 Sorvili'uru,
299 1149 330 1196 L.
343 1146 493 1210 virginium,
513 1150 546 1210 Q.
559 1145 700 1212 Sulpicium,
719 1150 750 1194 A.
761 1147 884 1196 Manlium

141 1223 240 1286 itemm,
256 1224 295 1272 M.
308 1224 417 1286 Sergium
434 1222 532 1272 iterum.
559 1215 603 1270 his
618 1223 730 1286 tribunis,
747 1222 806 1272 dum
826 1238 890 1273 cura

57 1312 61 1323 “
141 1301 257 1352 omnium
272 1299 299 1349 in
309 1299 400 1364 Vejens
417 1299 508 1350 bellum
520 1300 665 1362 intentati,
682 1299 820 1364 negleiium
831 1304 886 1350 An·

141 1379 199 1429 xuri
211 1377 348 1445 presidium
359 1379 532 1428 vacationibus
543 1377 657 1441 militum,
670 1378 695 1427 dc
705 1378 808 1430 Volscos
819 1394 887 1430 mer-

142 1464 237 1503 catores
252 1455 330 1519 vuigo
345 1451 503 1519 receptando,
521 1451 624 1519 proditis
638 1455 886 1519 repenti'portarum
913 1483 916 1489 ·

141 1531 289 1595 custodibus,
307 1528 446 1599 oppressum
458 1529 500 1579 est.
517 1529 598 1579 minuc
608 1529 808 1594 rnilitum-periit,
825 1533 888 1596 quia

126 1630 128 1635 ’
141 1619 230 1678 preter
239 1623 320 1674 aegroa
328 1609 436 1658 lixarum
453 1607 480 1657 in
490 1605 596 1659 moduni
603 1619 692 1655 cumen
702 1621 746 1672 per
757 1621 832 1669 agros
842 1609 887 1657 'vi-

142 1683 547 1750 cinasqueurbeouegotiabantur.
580 1683 636 1732 Nee
645 1681 808 1745 Vejiomciius
820 1684 888 1748 gesta

141 1776 188 1827 res,
205 1761 273 1828 quod
284 1772 338 1813 tum
355 1773 430 1829 caput
447 1760 559 1810 omnium
570 1773 683 1809 curarum
696 1759 848 1826 publicarum
858 1776 886 1808 e-

142 1851 189 1892 rat.
207 1854 265 1890 nam
276 1840 301 1891 dc
311 1841 385 1891 duces
400 1840 507 1890 Romani
519 1839 575 1906 plus¹
583 1839 647 1888 inter
658 1837 682 1886 sc
693 1839 792 1901 irarum,
810 1834 885 1905 qu'atn

141 1915 258 1967 adversus
269 1917 347 1978 hostes
363 1917 449 1981 animi,
465 1917 618 1967 habuerunt:
636 1916 662 1966 dc
676 1915 774 1965 auitum
790 1916 822 1964 est
833 1915 886 1965 bel·

141 1993 193 2044 nrm
205 1993 318 2057 adventii,
324 1994 455 2062 repentino
469 1993 630 2060 Capenatium
641 2003 714 2058 atque
726 1991 886 2043 Faliscorum.
953 1990 957 1996 ’

141 2072 176 2123 Hi
190 2071 240 2121 duo
258 2073 362 2122 Etruiiae
377 2071 470 2138 populi,
488 2073 547 2136 quia
560 2071 670 2137 proximi
687 2071 787 2134 regione
804 2081 883 2134 erant,

140 2146 243 2196 devitiis
257 2147 337 2209 Vejic,
352 2147 417 2195 bello
429 2150 528 2210 'quoque
540 2149 655 2195 Romano
666 2143 691 2194 se
705 2147 831 2210 proximos
845 2146 885 2197 so-

140 2237 167 2272 te
178 2222 317 2282 credentes3
336 2221 422 2270 Falisci
433 2222 533 2287 proprii
544 2221 620 2268 etiam
628 2221 702 2269 causa
713 2221 800 2283 insessi,
817 2223 886 2288 quod

139 2295 253 2348 Fidenati
263 2297 329 2345 bello
341 2295 365 2344 se
379 2296 432 2359 jam
443 2306 516 2344 antea
525 2293 718 2357 immiscuerunt,
736 2310 779 2361 per
790 2296 886 2361 legatos

139 2372 206 2425 uitro
217 2372 329 2438 citroque
339 2370 422 2421 missos
428 2369 589 2436 jurejurando
597 2370 694 2422 intense
704 2372 816 2438 obligati,
826 2390 884 2427 cum

141 2449 291 2501 exercitibus
313 2449 464 2517 necopinato
481 2447 513 2499 ad
524 2448 602 2512 Vejoc
612 2447 739 2506 accessere.
774 2451 886 2504 reneca

139 2529 249 2594 regione,
266 2528 315 2593 qua
333 2531 372 2578 M.
398 2528 495 2592 Sergius
508 2527 758 2579 tribuncnmilitum‘
772 2529 884 2597 praeerat,

140 2608 216 2660 casira
238 2605 319 2656 adorti
338 2606 403 2670 sunt,
427 2607 601 2673 ingentemque
627 2616 747 2658 terrorem
767 2610 884 2672 intulere3

140 2687 200 2752 quia
211 2686 334 2735 Etruriam
352 2700 453 2736 omnem
469 2687 579 2737 excitam
598 2685 695 2736 sedibus
710 2686 800 2752 magna
811 2688 888 2737 mose.

139 2762 220 2815 adesse
231 2764 338 2814 Romani
353 2763 514 2814 crediderant.
531 2763 618 2814 eadem
633 2765 720 2832 opinio
732 2765 849 2830 Vejentea
859 2765 886 2815 in

140 2843 203 2892 urbe
219 2843 366 2895 concitavit.
401 2846 440 2892 Ita
458 2843 561 2910 ancipiti
578 2843 665 2911 proelio
681 2842 756 2892 castra
770 2847 885 2894 Romana

141 2921 367 2987 oppugnabantut;
384 2921 612 2987 concursantesque,
630 2922 706 2988 quum
717 2918 887 2988 huca'tqueii-

141 2995 181 3075 iuc
191 2999 259 3066 sigua
269 3000 437 3070 uantsenent',
452 3000 641 3066 nccuejmmn
651 2999 709 3053 satit
719 2994 834 3068 cohibere
844 3000 884 3049 iu·

148 3082 164 3115 ’5
531 3104 533 3110 ι
713 3102 715 3106 ⁴
844 3075 884 3118 tra
