<?xml version="1.0" encoding="UTF-8"?>
<!DOCTYPE html PUBLIC "-//W3C//DTD XHTML 1.0 Transitional//EN"
    "http://www.w3.org/TR/xhtml1/DTD/xhtml1-transitional.dtd">
<html xmlns="http://www.w3.org/1999/xhtml" xml:lang="en" lang="en">
 <head>
  <title>
</title>
<meta http-equiv="Content-Type" content="text/html;charset=utf-8" />
  <meta name='ocr-system' content='tesseract 3.04.00' />
  <meta name='ocr-capabilities' content='ocr_page ocr_carea ocr_par ocr_line ocrx_word'/>
</head>
<body>
  <div class='ocr_page' id='page_1' title='image "./titiliviipatavi00livygoog_0332.png"; bbox 0 0 1964 3660; ppageno 0'>
   <div class='ocr_carea' id='block_1_1' title="bbox 60 187 879 3070">
    <p class='ocr_par' dir='ltr' id='par_1_1' title="bbox 60 187 879 3070">
     <span class='ocr_line' id='line_1_1' title="bbox 60 187 858 265; baseline 0 -17"><span class='ocrx_word' id='word_1_1' title='bbox 60 251 75 265; x_wconf 58' lang='lat'>‚</span> <span class='ocrx_word' id='word_1_2' title='bbox 361 187 529 248; x_wconf 71' lang='lat' dir='ltr'>LIBER</span> <span class='ocrx_word' id='word_1_3' title='bbox 562 191 597 248; x_wconf 73' lang='lat' dir='ltr'>V.</span> <span class='ocrx_word' id='word_1_4' title='bbox 810 201 858 257; x_wconf 68' lang='lat' dir='ltr'>§nt</span> 
     </span>
     <span class='ocr_line' id='line_1_2' title="bbox 114 284 864 354; baseline -0.005 -15"><span class='ocrx_word' id='word_1_5' title='bbox 114 286 173 339; x_wconf 75' lang='lat' dir='ltr'>tutte</span> <span class='ocrx_word' id='word_1_6' title='bbox 183 292 265 354; x_wconf 87' lang='lat' dir='ltr'>capto,</span> <span class='ocrx_word' id='word_1_7' title='bbox 283 299 334 336; x_wconf 92' lang='lat' dir='ltr'>non</span> <span class='ocrx_word' id='word_1_8' title='bbox 351 288 500 354; x_wconf 80' lang='lat' dir='ltr'>praemunito</span> <span class='ocrx_word' id='word_1_9' title='bbox 517 287 593 351; x_wconf 85' lang='lat' dir='ltr'>vallo,</span> <span class='ocrx_word' id='word_1_10' title='bbox 611 285 662 352; x_wconf 77' lang='lat' dir='ltr'>quo</span> <span class='ocrx_word' id='word_1_11' title='bbox 672 293 785 353; x_wconf 78' lang='lat' dir='ltr'>receptus</span> <span class='ocrx_word' id='word_1_12' title='bbox 797 284 864 350; x_wconf 80' lang='lat' dir='ltr'>ellet,</span> 
     </span>
     <span class='ocr_line' id='line_1_3' title="bbox 116 361 865 428; baseline 0.005 -18"><span class='ocrx_word' id='word_1_13' title='bbox 116 375 168 411; x_wconf 90' lang='lat' dir='ltr'>nou</span> <span class='ocrx_word' id='word_1_14' title='bbox 183 364 293 414; x_wconf 84' lang='lat' dir='ltr'>Deorum</span> <span class='ocrx_word' id='word_1_15' title='bbox 305 361 398 428; x_wconf 85' lang='lat' dir='ltr'>saltem,</span> <span class='ocrx_word' id='word_1_16' title='bbox 415 362 498 414; x_wconf 85' lang='lat' dir='ltr'>finon</span> <span class='ocrx_word' id='word_1_17' title='bbox 512 363 652 427; x_wconf 92' lang='lat' dir='ltr'>hominum,</span> <span class='ocrx_word' id='word_1_18' title='bbox 669 377 799 428; x_wconf 76' lang='lat' dir='ltr'>memores,</span> <span class='ocrx_word' id='word_1_19' title='bbox 817 377 865 414; x_wconf 78' lang='lat' dir='ltr'>nec</span> 
     </span>
     <span class='ocr_line' id='line_1_4' title="bbox 114 437 865 506; baseline 0.004 -19"><span class='ocrx_word' id='word_1_20' title='bbox 114 437 250 506; x_wconf 73' lang='lat' dir='ltr'>auspicato,</span> <span class='ocrx_word' id='word_1_21' title='bbox 262 455 307 490; x_wconf 92' lang='lat' dir='ltr'>nec</span> <span class='ocrx_word' id='word_1_22' title='bbox 317 440 397 502; x_wconf 88' lang='lat' dir='ltr'>litato,</span> <span class='ocrx_word' id='word_1_23' title='bbox 415 440 536 490; x_wconf 84' lang='lat' dir='ltr'>instruunt</span> <span class='ocrx_word' id='word_1_24' title='bbox 545 442 624 490; x_wconf 83' lang='lat' dir='ltr'>aciem</span> <span class='ocrx_word' id='word_1_25' title='bbox 634 439 761 490; x_wconf 75' lang='lat' dir='ltr'>deduliam</span> <span class='ocrx_word' id='word_1_26' title='bbox 772 442 798 490; x_wconf 89' lang='lat' dir='ltr'>in</span> <span class='ocrx_word' id='word_1_27' title='bbox 807 453 865 491; x_wconf 88' lang='lat' dir='ltr'>cor·</span> 
     </span>
     <span class='ocr_line' id='line_1_5' title="bbox 115 516 866 587; baseline 0.007 -24"><span class='ocrx_word' id='word_1_28' title='bbox 115 527 174 578; x_wconf 88' lang='lat' dir='ltr'>nua,</span> <span class='ocrx_word' id='word_1_29' title='bbox 185 531 216 565; x_wconf 94' lang='lat' dir='ltr'>ne</span> <span class='ocrx_word' id='word_1_30' title='bbox 228 517 402 567; x_wconf 87' lang='lat' dir='ltr'>circumveniri</span> <span class='ocrx_word' id='word_1_31' title='bbox 413 517 571 567; x_wconf 87' lang='lat' dir='ltr'>multitudine</span> <span class='ocrx_word' id='word_1_32' title='bbox 581 518 690 569; x_wconf 87' lang='lat' dir='ltr'>hollium</span> <span class='ocrx_word' id='word_1_33' title='bbox 701 516 804 587; x_wconf 79' lang='lat' dir='ltr'>pollent.</span> <span class='ocrx_word' id='word_1_34' title='bbox 817 531 866 568; x_wconf 81' lang='lat' dir='ltr'>nee</span> 
     </span>
     <span class='ocr_line' id='line_1_6' title="bbox 113 593 864 663; baseline 0.011 -24"><span class='ocrx_word' id='word_1_35' title='bbox 113 601 199 643; x_wconf 86' lang='lat' dir='ltr'>tamen</span> <span class='ocrx_word' id='word_1_36' title='bbox 210 595 299 660; x_wconf 85' lang='lat' dir='ltr'>aequari</span> <span class='ocrx_word' id='word_1_37' title='bbox 315 594 409 645; x_wconf 81' lang='lat' dir='ltr'>frontes</span> <span class='ocrx_word' id='word_1_38' title='bbox 426 606 549 663; x_wconf 84' lang='lat' dir='ltr'>poterant,</span> <span class='ocrx_word' id='word_1_39' title='bbox 564 611 641 661; x_wconf 90' lang='lat' dir='ltr'>quum</span> <span class='ocrx_word' id='word_1_40' title='bbox 655 593 813 656; x_wconf 69' lang='lat' dir='ltr'>extenuando</span> <span class='ocrx_word' id='word_1_41' title='bbox 824 596 864 647; x_wconf 89' lang='lat' dir='ltr'>in-</span> 
     </span>
     <span class='ocr_line' id='line_1_7' title="bbox 114 667 864 732; baseline 0.005 -13"><span class='ocrx_word' id='word_1_42' title='bbox 114 667 215 726; x_wconf 77' lang='lat' dir='ltr'>firmam</span> <span class='ocrx_word' id='word_1_43' title='bbox 229 671 254 722; x_wconf 73' lang='grc' dir='ltr'>ἀ</span> <span class='ocrx_word' id='word_1_44' title='bbox 270 674 317 724; x_wconf 86' lang='lat' dir='ltr'>vix</span> <span class='ocrx_word' id='word_1_45' title='bbox 336 673 500 722; x_wconf 69' lang='lat' dir='ltr'>coherentem</span> <span class='ocrx_word' id='word_1_46' title='bbox 517 672 623 723; x_wconf 88' lang='lat' dir='ltr'>mediam</span> <span class='ocrx_word' id='word_1_47' title='bbox 639 675 718 724; x_wconf 87' lang='lat' dir='ltr'>aciem</span> <span class='ocrx_word' id='word_1_48' title='bbox 737 673 864 732; x_wconf 80' lang='lat' dir='ltr'>haberent.</span> 
     </span>
     <span class='ocr_line' id='line_1_8' title="bbox 113 746 865 815; baseline 0.004 -19"><span class='ocrx_word' id='word_1_49' title='bbox 113 746 220 796; x_wconf 69' lang='lat' dir='ltr'>¹Paulum</span> <span class='ocrx_word' id='word_1_50' title='bbox 232 759 284 798; x_wconf 89' lang='lat' dir='ltr'>erat</span> <span class='ocrx_word' id='word_1_51' title='bbox 294 749 327 801; x_wconf 92' lang='lat' dir='ltr'>ab</span> <span class='ocrx_word' id='word_1_52' title='bbox 334 748 424 801; x_wconf 74' lang='lat' dir='ltr'>lextra</span> <span class='ocrx_word' id='word_1_53' title='bbox 436 748 496 800; x_wconf 87' lang='lat' dir='ltr'>editi</span> <span class='ocrx_word' id='word_1_54' title='bbox 507 749 565 813; x_wconf 88' lang='lat' dir='ltr'>loci,</span> <span class='ocrx_word' id='word_1_55' title='bbox 583 765 656 815; x_wconf 89' lang='lat' dir='ltr'>quem</span> <span class='ocrx_word' id='word_1_56' title='bbox 671 749 817 801; x_wconf 79' lang='lat' dir='ltr'>subsidiariis</span> <span class='ocrx_word' id='word_1_57' title='bbox 826 762 865 799; x_wconf 75' lang='lat' dir='ltr'>rn-</span> 
     </span>
     <span class='ocr_line' id='line_1_9' title="bbox 116 824 864 895; baseline 0.008 -23"><span class='ocrx_word' id='word_1_58' title='bbox 116 824 178 891; x_wconf 87' lang='lat' dir='ltr'>pleri</span> <span class='ocrx_word' id='word_1_59' title='bbox 189 826 296 893; x_wconf 87' lang='lat' dir='ltr'>placuit;</span> <span class='ocrx_word' id='word_1_60' title='bbox 313 843 394 894; x_wconf 80' lang='lat' dir='ltr'>eaque</span> <span class='ocrx_word' id='word_1_61' title='bbox 406 842 452 893; x_wconf 92' lang='lat' dir='ltr'>res,</span> <span class='ocrx_word' id='word_1_62' title='bbox 469 837 498 877; x_wconf 92' lang='lat' dir='ltr'>ut</span> <span class='ocrx_word' id='word_1_63' title='bbox 516 828 616 877; x_wconf 85' lang='lat' dir='ltr'>initium</span> <span class='ocrx_word' id='word_1_64' title='bbox 627 830 728 895; x_wconf 84' lang='lat' dir='ltr'>pavoris</span> <span class='ocrx_word' id='word_1_65' title='bbox 747 845 776 879; x_wconf 87' lang='lat' dir='ltr'>ac</span> <span class='ocrx_word' id='word_1_66' title='bbox 790 827 864 892; x_wconf 80' lang='lat' dir='ltr'>fugae,</span> 
     </span>
     <span class='ocr_line' id='line_1_10' title="bbox 116 896 866 970; baseline 0.003 -19"><span class='ocrx_word' id='word_1_67' title='bbox 116 899 148 951; x_wconf 72' lang='lat' dir='ltr'>sic</span> <span class='ocrx_word' id='word_1_68' title='bbox 159 903 279 956; x_wconf 82' lang='lat' dir='ltr'>unasalus</span> <span class='ocrx_word' id='word_1_69' title='bbox 290 903 443 970; x_wconf 79' lang='lat' dir='ltr'>fugientibus</span> <span class='ocrx_word' id='word_1_70' title='bbox 457 902 513 954; x_wconf 83' lang='lat' dir='ltr'>fuit.</span> <span class='ocrx_word' id='word_1_71' title='bbox 549 906 615 954; x_wconf 86' lang='lat' dir='ltr'>Nam</span> <span class='ocrx_word' id='word_1_72' title='bbox 632 907 749 970; x_wconf 80' lang='lat' dir='ltr'>Brennus,</span> <span class='ocrx_word' id='word_1_73' title='bbox 765 896 866 969; x_wconf 78' lang='lat' dir='ltr'>regulus</span> 
     </span>
     <span class='ocr_line' id='line_1_11' title="bbox 117 979 864 1051; baseline 0 -21"><span class='ocrx_word' id='word_1_74' title='bbox 117 979 255 1048; x_wconf 80' lang='lat' dir='ltr'>Gallorum,</span> <span class='ocrx_word' id='word_1_75' title='bbox 272 983 299 1033; x_wconf 92' lang='lat' dir='ltr'>in</span> <span class='ocrx_word' id='word_1_76' title='bbox 310 983 434 1051; x_wconf 83' lang='lat' dir='ltr'>paucitate</span> <span class='ocrx_word' id='word_1_77' title='bbox 445 982 551 1032; x_wconf 87' lang='lat' dir='ltr'>hostium</span> <span class='ocrx_word' id='word_1_78' title='bbox 563 993 641 1032; x_wconf 89' lang='lat' dir='ltr'>artem</span> <span class='ocrx_word' id='word_1_79' title='bbox 649 983 757 1033; x_wconf 77' lang='lat' dir='ltr'>maxime</span> <span class='ocrx_word' id='word_1_80' title='bbox 766 983 864 1044; x_wconf 86' lang='lat' dir='ltr'>timens,</span> 
     </span>
     <span class='ocr_line' id='line_1_12' title="bbox 112 1059 865 1128; baseline 0 -18"><span class='ocrx_word' id='word_1_81' title='bbox 112 1067 183 1110; x_wconf 78' lang='lat' dir='ltr'>&#39;ratris</span> <span class='ocrx_word' id='word_1_82' title='bbox 199 1059 230 1110; x_wconf 86' lang='lat' dir='ltr'>ad</span> <span class='ocrx_word' id='word_1_83' title='bbox 250 1060 385 1128; x_wconf 87' lang='lat' dir='ltr'>idcaptum</span> <span class='ocrx_word' id='word_1_84' title='bbox 404 1059 554 1128; x_wconf 88' lang='lat' dir='ltr'>superiorem</span> <span class='ocrx_word' id='word_1_85' title='bbox 569 1061 661 1125; x_wconf 90' lang='lat' dir='ltr'>locum,</span> <span class='ocrx_word' id='word_1_86' title='bbox 678 1071 715 1124; x_wconf 91' lang='lat' dir='ltr'>ut,</span> <span class='ocrx_word' id='word_1_87' title='bbox 732 1060 777 1111; x_wconf 88' lang='lat' dir='ltr'>ubi</span> <span class='ocrx_word' id='word_1_88' title='bbox 796 1059 865 1114; x_wconf 86' lang='lat' dir='ltr'>Galli</span> 
     </span>
     <span class='ocr_line' id='line_1_13' title="bbox 65 1136 865 1204; baseline 0.004 -19"><span class='ocrx_word' id='word_1_89' title='bbox 65 1181 71 1202; x_wconf 75' lang='lat'>.‹</span> <span class='ocrx_word' id='word_1_90' title='bbox 115 1145 174 1185; x_wconf 82' lang='lat' dir='ltr'>&#39;cum</span> <span class='ocrx_word' id='word_1_91' title='bbox 184 1138 237 1186; x_wconf 91' lang='lat' dir='ltr'>acie</span> <span class='ocrx_word' id='word_1_92' title='bbox 248 1138 374 1204; x_wconf 88' lang='lat' dir='ltr'>legionum</span> <span class='ocrx_word' id='word_1_93' title='bbox 387 1137 451 1188; x_wconf 71' lang='lat' dir='ltr'>reeta</span> <span class='ocrx_word' id='word_1_94' title='bbox 462 1139 544 1189; x_wconf 85' lang='lat' dir='ltr'>fronte</span> <span class='ocrx_word' id='word_1_95' title='bbox 556 1137 771 1202; x_wconf 85' lang='lat' dir='ltr'>concucurrill&#39;ent,</span> <span class='ocrx_word' id='word_1_96' title='bbox 789 1136 865 1188; x_wconf 86' lang='lat' dir='ltr'>subfi-</span> 
     </span>
     <span class='ocr_line' id='line_1_14' title="bbox 117 1212 865 1285; baseline 0.005 -23"><span class='ocrx_word' id='word_1_97' title='bbox 117 1212 158 1263; x_wconf 84' lang='lat' dir='ltr'>dia</span> <span class='ocrx_word' id='word_1_98' title='bbox 167 1215 193 1264; x_wconf 90' lang='lat' dir='ltr'>in</span> <span class='ocrx_word' id='word_1_99' title='bbox 204 1215 303 1267; x_wconf 82' lang='lat' dir='ltr'>aversos</span> <span class='ocrx_word' id='word_1_100' title='bbox 314 1215 511 1284; x_wconf 77' lang='lat' dir='ltr'>transversosque</span> <span class='ocrx_word' id='word_1_101' title='bbox 523 1219 643 1285; x_wconf 77' lang='lat' dir='ltr'>impetum</span> <span class='ocrx_word' id='word_1_102' title='bbox 653 1217 747 1281; x_wconf 88' lang='lat' dir='ltr'>darent,</span> <span class='ocrx_word' id='word_1_103' title='bbox 764 1216 795 1268; x_wconf 91' lang='lat' dir='ltr'>ad</span> <span class='ocrx_word' id='word_1_104' title='bbox 807 1216 865 1267; x_wconf 88' lang='lat' dir='ltr'>sub·</span> 
     </span>
     <span class='ocr_line' id='line_1_15' title="bbox 116 1287 866 1362; baseline 0.009 -24"><span class='ocrx_word' id='word_1_105' title='bbox 116 1287 225 1341; x_wconf 85' lang='lat' dir='ltr'>fidiarios</span> <span class='ocrx_word' id='word_1_106' title='bbox 243 1290 310 1356; x_wconf 82' lang='lat' dir='ltr'>rigna</span> <span class='ocrx_word' id='word_1_107' title='bbox 327 1293 465 1343; x_wconf 81' lang='lat' dir='ltr'>convertit:</span> <span class='ocrx_word' id='word_1_108' title='bbox 483 1292 555 1344; x_wconf 84' lang='lat' dir='ltr'>sreos</span> <span class='ocrx_word' id='word_1_109' title='bbox 574 1294 632 1344; x_wconf 91' lang='lat' dir='ltr'>loco</span> <span class='ocrx_word' id='word_1_110' title='bbox 646 1292 781 1362; x_wconf 81' lang='lat' dir='ltr'>depulisset,</span> <span class='ocrx_word' id='word_1_111' title='bbox 798 1292 866 1345; x_wconf 82' lang='lat' dir='ltr'>haud</span> 
     </span>
     <span class='ocr_line' id='line_1_16' title="bbox 117 1363 865 1439; baseline 0.008 -25"><span class='ocrx_word' id='word_1_112' title='bbox 117 1363 217 1430; x_wconf 85' lang='lat' dir='ltr'>dubius,</span> <span class='ocrx_word' id='word_1_113' title='bbox 234 1366 330 1418; x_wconf 85' lang='lat' dir='ltr'>facilem</span> <span class='ocrx_word' id='word_1_114' title='bbox 342 1370 368 1419; x_wconf 92' lang='lat' dir='ltr'>in</span> <span class='ocrx_word' id='word_1_115' title='bbox 380 1386 451 1436; x_wconf 84' lang='lat' dir='ltr'>aequo</span> <span class='ocrx_word' id='word_1_116' title='bbox 468 1372 549 1437; x_wconf 83' lang='lat' dir='ltr'>campi</span> <span class='ocrx_word' id='word_1_117' title='bbox 558 1381 655 1420; x_wconf 85' lang='lat' dir='ltr'>tantum</span> <span class='ocrx_word' id='word_1_118' title='bbox 666 1371 789 1439; x_wconf 86' lang='lat' dir='ltr'>superanti</span> <span class='ocrx_word' id='word_1_119' title='bbox 800 1369 865 1421; x_wconf 84' lang='lat' dir='ltr'>mul·</span> 
     </span>
     <span class='ocr_line' id='line_1_17' title="bbox 114 1440 866 1513; baseline 0.009 -21"><span class='ocrx_word' id='word_1_120' title='bbox 114 1442 219 1494; x_wconf 83' lang='lat' dir='ltr'>titudini</span> <span class='ocrx_word' id='word_1_121' title='bbox 234 1443 438 1497; x_wconf 64' lang='lat' dir='ltr'>victorianum</span> <span class='ocrx_word' id='word_1_122' title='bbox 464 1446 529 1497; x_wconf 84' lang='lat' dir='ltr'>adeo</span> <span class='ocrx_word' id='word_1_123' title='bbox 543 1464 595 1498; x_wconf 91' lang='lat' dir='ltr'>non</span> <span class='ocrx_word' id='word_1_124' title='bbox 611 1447 711 1500; x_wconf 83' lang='lat' dir='ltr'>fortuna</span> <span class='ocrx_word' id='word_1_125' title='bbox 722 1440 806 1513; x_wconf 76' lang='lat' dir='ltr'>modo,</span> <span class='ocrx_word' id='word_1_126' title='bbox 824 1447 866 1499; x_wconf 86' lang='lat' dir='ltr'>sed</span> 
     </span>
     <span class='ocr_line' id='line_1_18' title="bbox 115 1522 865 1588; baseline 0.004 -16"><span class='ocrx_word' id='word_1_127' title='bbox 115 1522 183 1573; x_wconf 87' lang='lat' dir='ltr'>ratio</span> <span class='ocrx_word' id='word_1_128' title='bbox 194 1523 277 1588; x_wconf 90' lang='lat' dir='ltr'>etiam,</span> <span class='ocrx_word' id='word_1_129' title='bbox 294 1540 353 1575; x_wconf 90' lang='lat' dir='ltr'>cum</span> <span class='ocrx_word' id='word_1_130' title='bbox 365 1525 475 1575; x_wconf 87' lang='lat' dir='ltr'>barbaris</span> <span class='ocrx_word' id='word_1_131' title='bbox 490 1525 574 1577; x_wconf 83' lang='lat' dir='ltr'>flabat.</span> <span class='ocrx_word' id='word_1_132' title='bbox 610 1529 640 1576; x_wconf 90' lang='lat' dir='ltr'>ln</span> <span class='ocrx_word' id='word_1_133' title='bbox 654 1527 730 1577; x_wconf 82' lang='lat' dir='ltr'>altera</span> <span class='ocrx_word' id='word_1_134' title='bbox 740 1529 793 1578; x_wconf 86' lang='lat' dir='ltr'>acie</span> <span class='ocrx_word' id='word_1_135' title='bbox 802 1524 865 1577; x_wconf 87' lang='lat' dir='ltr'>nihil</span> 
     </span>
     <span class='ocr_line' id='line_1_19' title="bbox 115 1598 865 1671; baseline 0.004 -21"><span class='ocrx_word' id='word_1_136' title='bbox 115 1598 193 1650; x_wconf 81' lang='lat' dir='ltr'>t&#39;tmile</span> <span class='ocrx_word' id='word_1_137' title='bbox 204 1603 331 1666; x_wconf 91' lang='lat' dir='ltr'>Romanis,</span> <span class='ocrx_word' id='word_1_138' title='bbox 348 1619 399 1653; x_wconf 90' lang='lat' dir='ltr'>non</span> <span class='ocrx_word' id='word_1_139' title='bbox 410 1602 476 1671; x_wconf 88' lang='lat' dir='ltr'>apud</span> <span class='ocrx_word' id='word_1_140' title='bbox 487 1602 569 1667; x_wconf 89' lang='lat' dir='ltr'>duces,</span> <span class='ocrx_word' id='word_1_141' title='bbox 586 1619 637 1654; x_wconf 91' lang='lat' dir='ltr'>non</span> <span class='ocrx_word' id='word_1_142' title='bbox 646 1604 712 1670; x_wconf 90' lang='lat' dir='ltr'>apud</span> <span class='ocrx_word' id='word_1_143' title='bbox 725 1606 823 1668; x_wconf 87' lang='lat' dir='ltr'>milites,</span> <span class='ocrx_word' id='word_1_144' title='bbox 838 1619 865 1653; x_wconf 86' lang='lat' dir='ltr'>e·</span> 
     </span>
     <span class='ocr_line' id='line_1_20' title="bbox 92 1679 864 1746; baseline -0.001 -14"><span class='ocrx_word' id='word_1_145' title='bbox 92 1727 95 1732; x_wconf 90' lang='lat'>.</span> <span class='ocrx_word' id='word_1_146' title='bbox 115 1688 164 1728; x_wconf 86' lang='lat' dir='ltr'>rat.</span> <span class='ocrx_word' id='word_1_147' title='bbox 187 1693 268 1746; x_wconf 84' lang='lat' dir='ltr'>pavor</span> <span class='ocrx_word' id='word_1_148' title='bbox 278 1679 385 1745; x_wconf 83' lang='lat' dir='ltr'>fugaque</span> <span class='ocrx_word' id='word_1_149' title='bbox 396 1689 563 1745; x_wconf 81' lang='lat' dir='ltr'>occupaverat</span> <span class='ocrx_word' id='word_1_150' title='bbox 577 1680 681 1742; x_wconf 82' lang='lat' dir='ltr'>animos,</span> <span class='ocrx_word' id='word_1_151' title='bbox 700 1680 724 1728; x_wconf 73' lang='lat'>8:</span> <span class='ocrx_word' id='word_1_152' title='bbox 737 1689 806 1730; x_wconf 85' lang='lat' dir='ltr'>tanta</span> <span class='ocrx_word' id='word_1_153' title='bbox 816 1682 864 1731; x_wconf 83' lang='lat' dir='ltr'>ho·</span> 
     </span>
     <span class='ocr_line' id='line_1_21' title="bbox 115 1748 864 1823; baseline -0.001 -15"><span class='ocrx_word' id='word_1_154' title='bbox 115 1756 212 1808; x_wconf 87' lang='lat' dir='ltr'>minum</span> <span class='ocrx_word' id='word_1_155' title='bbox 229 1757 334 1820; x_wconf 86' lang='lat' dir='ltr'>oblivio,</span> <span class='ocrx_word' id='word_1_156' title='bbox 352 1769 379 1806; x_wconf 88' lang='lat' dir='ltr'>ut</span> <span class='ocrx_word' id='word_1_157' title='bbox 390 1748 567 1819; x_wconf 71' lang='lat' dir='ltr'>multo&#39;major</span> <span class='ocrx_word' id='word_1_158' title='bbox 583 1770 639 1823; x_wconf 82' lang='lat' dir='ltr'>pare</span> <span class='ocrx_word' id='word_1_159' title='bbox 649 1757 733 1820; x_wconf 81' lang='lat' dir='ltr'>Vejos,</span> <span class='ocrx_word' id='word_1_160' title='bbox 751 1758 777 1807; x_wconf 91' lang='lat' dir='ltr'>in</span> <span class='ocrx_word' id='word_1_161' title='bbox 789 1756 864 1807; x_wconf 79' lang='lat' dir='ltr'>hosii-</span> 
     </span>
     <span class='ocr_line' id='line_1_22' title="bbox 116 1833 866 1900; baseline 0.001 -15"><span class='ocrx_word' id='word_1_162' title='bbox 116 1849 161 1885; x_wconf 89' lang='lat' dir='ltr'>um</span> <span class='ocrx_word' id='word_1_163' title='bbox 171 1834 267 1897; x_wconf 89' lang='lat' dir='ltr'>urbem,</span> <span class='ocrx_word' id='word_1_164' title='bbox 284 1850 360 1900; x_wconf 90' lang='lat' dir='ltr'>quum</span> <span class='ocrx_word' id='word_1_165' title='bbox 373 1834 473 1884; x_wconf 87' lang='lat' dir='ltr'>Tiberis</span> <span class='ocrx_word' id='word_1_166' title='bbox 490 1844 590 1895; x_wconf 87' lang='lat' dir='ltr'>arceret,</span> <span class='ocrx_word' id='word_1_167' title='bbox 608 1839 682 1899; x_wconf 66' lang='lat' dir='ltr'>quim</span> <span class='ocrx_word' id='word_1_168' title='bbox 698 1833 765 1885; x_wconf 73' lang='lat' dir='ltr'>tello</span> <span class='ocrx_word' id='word_1_169' title='bbox 776 1835 866 1886; x_wconf 84' lang='lat' dir='ltr'>itinere</span> 
     </span>
     <span class='ocr_line' id='line_1_23' title="bbox 116 1910 867 1980; baseline 0.003 -18"><span class='ocrx_word' id='word_1_170' title='bbox 116 1916 225 1962; x_wconf 82' lang='lat' dir='ltr'>Romam</span> <span class='ocrx_word' id='word_1_171' title='bbox 243 1912 275 1963; x_wconf 87' lang='lat' dir='ltr'>ad</span> <span class='ocrx_word' id='word_1_172' title='bbox 295 1913 412 1977; x_wconf 84' lang='lat' dir='ltr'>conjuges</span> <span class='ocrx_word' id='word_1_173' title='bbox 427 1927 455 1960; x_wconf 86' lang='lat' dir='ltr'>ac</span> <span class='ocrx_word' id='word_1_174' title='bbox 474 1912 566 1960; x_wconf 85' lang='lat' dir='ltr'>liberos</span> <span class='ocrx_word' id='word_1_175' title='bbox 574 1910 697 1974; x_wconf 82' lang='lat' dir='ltr'>fugerent.</span> <span class='ocrx_word' id='word_1_176' title='bbox 732 1915 867 1980; x_wconf 87' lang='lat' dir='ltr'>Parumper</span> 
     </span>
     <span class='ocr_line' id='line_1_24' title="bbox 117 1987 866 2054; baseline 0 -13"><span class='ocrx_word' id='word_1_177' title='bbox 117 1987 271 2041; x_wconf 79' lang='lat' dir='ltr'>subsidiarios</span> <span class='ocrx_word' id='word_1_178' title='bbox 282 2000 374 2039; x_wconf 81' lang='lat' dir='ltr'>tutatus</span> <span class='ocrx_word' id='word_1_179' title='bbox 391 1989 425 2038; x_wconf 88' lang='lat' dir='ltr'>est</span> <span class='ocrx_word' id='word_1_180' title='bbox 436 1988 515 2039; x_wconf 87' lang='lat' dir='ltr'>locus.</span> <span class='ocrx_word' id='word_1_181' title='bbox 538 1989 564 2038; x_wconf 88' lang='lat' dir='ltr'>in</span> <span class='ocrx_word' id='word_1_182' title='bbox 575 1988 670 2054; x_wconf 75' lang='lat' dir='ltr'>reliqua</span> <span class='ocrx_word' id='word_1_183' title='bbox 684 1989 737 2039; x_wconf 87' lang='lat' dir='ltr'>acie</span> <span class='ocrx_word' id='word_1_184' title='bbox 751 1990 819 2040; x_wconf 86' lang='lat' dir='ltr'>fimul</span> <span class='ocrx_word' id='word_1_185' title='bbox 830 1991 866 2042; x_wconf 87' lang='lat' dir='ltr'>est</span> 
     </span>
     <span class='ocr_line' id='line_1_25' title="bbox 118 2067 869 2135; baseline 0.003 -18"><span class='ocrx_word' id='word_1_186' title='bbox 118 2067 219 2131; x_wconf 87' lang='lat' dir='ltr'>clamor,</span> <span class='ocrx_word' id='word_1_187' title='bbox 236 2067 357 2135; x_wconf 85' lang='lat' dir='ltr'>proximis</span> <span class='ocrx_word' id='word_1_188' title='bbox 368 2067 399 2117; x_wconf 87' lang='lat' dir='ltr'>ab</span> <span class='ocrx_word' id='word_1_189' title='bbox 417 2067 499 2133; x_wconf 86' lang='lat' dir='ltr'>latere,</span> <span class='ocrx_word' id='word_1_190' title='bbox 516 2067 608 2117; x_wconf 86' lang='lat' dir='ltr'>ultimis</span> <span class='ocrx_word' id='word_1_191' title='bbox 619 2067 651 2117; x_wconf 86' lang='lat' dir='ltr'>ab</span> <span class='ocrx_word' id='word_1_192' title='bbox 662 2077 740 2133; x_wconf 90' lang='lat' dir='ltr'>tergo,</span> <span class='ocrx_word' id='word_1_193' title='bbox 757 2069 869 2135; x_wconf 84' lang='lat' dir='ltr'>auditus,</span> 
     </span>
     <span class='ocr_line' id='line_1_26' title="bbox 117 2144 866 2215; baseline 0.004 -19"><span class='ocrx_word' id='word_1_194' title='bbox 117 2151 233 2211; x_wconf 88' lang='lat' dir='ltr'>ignotum</span> <span class='ocrx_word' id='word_1_195' title='bbox 244 2144 340 2196; x_wconf 89' lang='lat' dir='ltr'>hostem·</span> <span class='ocrx_word' id='word_1_196' title='bbox 353 2147 420 2213; x_wconf 81' lang='lat' dir='ltr'>prius</span> <span class='ocrx_word' id='word_1_197' title='bbox 431 2150 493 2215; x_wconf 74' lang='lat' dir='ltr'>pene</span> <span class='ocrx_word' id='word_1_198' title='bbox 504 2151 576 2213; x_wconf 74' lang='lat' dir='ltr'>quam</span> <span class='ocrx_word' id='word_1_199' title='bbox 588 2145 709 2212; x_wconf 86' lang='lat' dir='ltr'>viderent,</span> <span class='ocrx_word' id='word_1_200' title='bbox 726 2162 778 2198; x_wconf 90' lang='lat' dir='ltr'>non</span> <span class='ocrx_word' id='word_1_201' title='bbox 788 2148 866 2200; x_wconf 77' lang='lat' dir='ltr'>modo</span> 
     </span>
     <span class='ocr_line' id='line_1_27' title="bbox 116 2224 865 2291; baseline 0.001 -15"><span class='ocrx_word' id='word_1_202' title='bbox 116 2240 169 2276; x_wconf 86' lang='lat' dir='ltr'>non</span> <span class='ocrx_word' id='word_1_203' title='bbox 178 2234 273 2274; x_wconf 85' lang='lat' dir='ltr'>tentato</span> <span class='ocrx_word' id='word_1_204' title='bbox 290 2226 431 2290; x_wconf 85' lang='lat' dir='ltr'>certamine,</span> <span class='ocrx_word' id='word_1_205' title='bbox 449 2224 535 2275; x_wconf 89' lang='lat' dir='ltr'>sedne</span> <span class='ocrx_word' id='word_1_206' title='bbox 552 2224 658 2274; x_wconf 89' lang='lat' dir='ltr'>clamore</span> <span class='ocrx_word' id='word_1_207' title='bbox 670 2224 768 2291; x_wconf 91' lang='lat' dir='ltr'>quidem</span> <span class='ocrx_word' id='word_1_208' title='bbox 783 2225 865 2277; x_wconf 77' lang='lat' dir='ltr'>reddi·</span> 
     </span>
     <span class='ocr_line' id='line_1_28' title="bbox 116 2301 869 2374; baseline 0.004 -21"><span class='ocrx_word' id='word_1_209' title='bbox 116 2313 154 2367; x_wconf 87' lang='lat' dir='ltr'>to,</span> <span class='ocrx_word' id='word_1_210' title='bbox 171 2303 260 2368; x_wconf 79' lang='lat' dir='ltr'>integri</span> <span class='ocrx_word' id='word_1_211' title='bbox 277 2301 409 2370; x_wconf 75' lang='lat' dir='ltr'>intasti&#39;que</span> <span class='ocrx_word' id='word_1_212' title='bbox 429 2303 555 2368; x_wconf 86' lang='lat' dir='ltr'>fugerunt.</span> <span class='ocrx_word' id='word_1_213' title='bbox 590 2306 642 2353; x_wconf 88' lang='lat' dir='ltr'>Nec</span> <span class='ocrx_word' id='word_1_214' title='bbox 658 2305 708 2354; x_wconf 85' lang='lat' dir='ltr'>ulla</span> <span class='ocrx_word' id='word_1_215' title='bbox 725 2305 801 2356; x_wconf 75' lang='lat' dir='ltr'>caedes</span> <span class='ocrx_word' id='word_1_216' title='bbox 818 2320 869 2374; x_wconf 55' lang='lat' dir='ltr'>pua&lt;</span> 
     </span>
     <span class='ocr_line' id='line_1_29' title="bbox 117 2381 866 2449; baseline 0.008 -20"><span class='ocrx_word' id='word_1_217' title='bbox 117 2382 245 2446; x_wconf 86' lang='lat' dir='ltr'>gnantium</span> <span class='ocrx_word' id='word_1_218' title='bbox 254 2381 310 2430; x_wconf 83' lang='lat' dir='ltr'>fuit.</span> <span class='ocrx_word' id='word_1_219' title='bbox 337 2384 421 2447; x_wconf 83' lang='lat' dir='ltr'>Terga</span> <span class='ocrx_word' id='word_1_220' title='bbox 434 2381 494 2432; x_wconf 78' lang='lat' dir='ltr'>caefa</span> <span class='ocrx_word' id='word_1_221' title='bbox 506 2381 601 2431; x_wconf 86' lang='lat' dir='ltr'>suomet</span> <span class='ocrx_word' id='word_1_222' title='bbox 612 2382 721 2449; x_wconf 83' lang='lat' dir='ltr'>ipsorum</span> <span class='ocrx_word' id='word_1_223' title='bbox 730 2385 866 2435; x_wconf 87' lang='lat' dir='ltr'>certamine</span> 
     </span>
     <span class='ocr_line' id='line_1_30' title="bbox 118 2457 865 2529; baseline 0.009 -23"><span class='ocrx_word' id='word_1_224' title='bbox 118 2458 145 2507; x_wconf 87' lang='lat' dir='ltr'>in</span> <span class='ocrx_word' id='word_1_225' title='bbox 162 2457 234 2507; x_wconf 83' lang='lat' dir='ltr'>turba</span> <span class='ocrx_word' id='word_1_226' title='bbox 250 2458 437 2524; x_wconf 85' lang='lat' dir='ltr'>impedientium</span> <span class='ocrx_word' id='word_1_227' title='bbox 452 2459 544 2522; x_wconf 85' lang='lat' dir='ltr'>ilrgam.</span> <span class='ocrx_word' id='word_1_228' title='bbox 581 2461 652 2509; x_wconf 85' lang='lat' dir='ltr'>Circa</span> <span class='ocrx_word' id='word_1_229' title='bbox 663 2463 742 2527; x_wconf 88' lang='lat' dir='ltr'>ripam</span> <span class='ocrx_word' id='word_1_230' title='bbox 754 2462 865 2529; x_wconf 79' lang='lat' dir='ltr'>Tiberis,</span> 
     </span>
     <span class='ocr_line' id='line_1_31' title="bbox 117 2533 865 2603; baseline 0.005 -19"><span class='ocrx_word' id='word_1_231' title='bbox 117 2537 170 2601; x_wconf 77' lang='lat' dir='ltr'>quo</span> <span class='ocrx_word' id='word_1_232' title='bbox 185 2533 368 2598; x_wconf 75' lang='lat' dir='ltr'>annisabjetiis</span> <span class='ocrx_word' id='word_1_233' title='bbox 378 2545 459 2584; x_wconf 91' lang='lat' dir='ltr'>totum</span> <span class='ocrx_word' id='word_1_234' title='bbox 472 2535 589 2583; x_wconf 74' lang='lat' dir='ltr'>sinistrum</span> <span class='ocrx_word' id='word_1_235' title='bbox 601 2552 678 2586; x_wconf 92' lang='lat' dir='ltr'>cornu</span> <span class='ocrx_word' id='word_1_236' title='bbox 689 2536 793 2603; x_wconf 73' lang='lat' dir='ltr'>defugit,</span> <span class='ocrx_word' id='word_1_237' title='bbox 810 2554 865 2588; x_wconf 88' lang='lat' dir='ltr'>ma·-</span> 
     </span>
     <span class='ocr_line' id='line_1_32' title="bbox 116 2608 867 2680; baseline 0.005 -18"><span class='ocrx_word' id='word_1_238' title='bbox 116 2626 167 2677; x_wconf 86' lang='lat' dir='ltr'>gna</span> <span class='ocrx_word' id='word_1_239' title='bbox 178 2611 265 2674; x_wconf 81' lang='lat' dir='ltr'>strages</span> <span class='ocrx_word' id='word_1_240' title='bbox 282 2608 348 2660; x_wconf 67' lang='lat' dir='ltr'>fasta·</span> <span class='ocrx_word' id='word_1_241' title='bbox 360 2610 406 2661; x_wconf 75' lang='lat' dir='ltr'>eli:</span> <span class='ocrx_word' id='word_1_242' title='bbox 424 2610 571 2675; x_wconf 88' lang='lat' dir='ltr'>multosque,</span> <span class='ocrx_word' id='word_1_243' title='bbox 588 2613 715 2680; x_wconf 85' lang='lat' dir='ltr'>imperitos</span> <span class='ocrx_word' id='word_1_244' title='bbox 731 2614 806 2664; x_wconf 83' lang='lat' dir='ltr'>nandi</span> <span class='ocrx_word' id='word_1_245' title='bbox 817 2626 867 2666; x_wconf 84' lang='lat' dir='ltr'>aut</span> 
     </span>
     <span class='ocr_line' id='line_1_33' title="bbox 116 2687 879 2761; baseline 0.003 -21"><span class='ocrx_word' id='word_1_246' title='bbox 116 2689 251 2752; x_wconf 76' lang='lat' dir='ltr'>invalidos,</span> <span class='ocrx_word' id='word_1_247' title='bbox 268 2702 355 2752; x_wconf 83' lang='lat' dir='ltr'>graves</span> <span class='ocrx_word' id='word_1_248' title='bbox 377 2688 460 2738; x_wconf 85' lang='lat' dir='ltr'>loricis</span> <span class='ocrx_word' id='word_1_249' title='bbox 476 2687 577 2754; x_wconf 86' lang='lat' dir='ltr'>aliisque</span> <span class='ocrx_word' id='word_1_250' title='bbox 597 2691 745 2753; x_wconf 84' lang='lat' dir='ltr'>tegminibus</span> <span class='ocrx_word' id='word_1_251' title='bbox 757 2693 879 2761; x_wconf 19' lang='lat' dir='ltr'>’hausere&#39;</span> 
     </span>
     <span class='ocr_line' id='line_1_34' title="bbox 119 2766 866 2837; baseline 0.007 -21"><span class='ocrx_word' id='word_1_252' title='bbox 119 2768 236 2834; x_wconf 78' lang='lat' dir='ltr'>gurgites.</span> <span class='ocrx_word' id='word_1_253' title='bbox 254 2766 363 2815; x_wconf 86' lang='lat' dir='ltr'>maxima</span> <span class='ocrx_word' id='word_1_254' title='bbox 379 2776 462 2814; x_wconf 88' lang='lat' dir='ltr'>tamen</span> <span class='ocrx_word' id='word_1_255' title='bbox 479 2781 534 2832; x_wconf 86' lang='lat' dir='ltr'>pars</span> <span class='ocrx_word' id='word_1_256' title='bbox 546 2767 675 2818; x_wconf 88' lang='lat' dir='ltr'>incolumis</span> <span class='ocrx_word' id='word_1_257' title='bbox 693 2770 770 2832; x_wconf 83' lang='lat' dir='ltr'>Vejos</span> <span class='ocrx_word' id='word_1_258' title='bbox 781 2769 866 2837; x_wconf 71' lang='lat' dir='ltr'>persu&#39;·</span> 
     </span>
     <span class='ocr_line' id='line_1_35' title="bbox 117 2841 867 2910; baseline 0.003 -15"><span class='ocrx_word' id='word_1_259' title='bbox 117 2846 169 2910; x_wconf 78' lang='lat' dir='ltr'>&#39;git3</span> <span class='ocrx_word' id='word_1_260' title='bbox 186 2841 251 2892; x_wconf 85' lang='lat' dir='ltr'>unde</span> <span class='ocrx_word' id='word_1_261' title='bbox 262 2858 312 2892; x_wconf 92' lang='lat' dir='ltr'>non</span> <span class='ocrx_word' id='word_1_262' title='bbox 324 2842 401 2892; x_wconf 79' lang='lat' dir='ltr'>modo</span> <span class='ocrx_word' id='word_1_263' title='bbox 410 2842 665 2910; x_wconf 79' lang='lat' dir='ltr'>praestdiiquicquam,</span> <span class='ocrx_word' id='word_1_264' title='bbox 676 2844 765 2895; x_wconf 72' lang='lat' dir='ltr'>lcd&#39;ne</span> <span class='ocrx_word' id='word_1_265' title='bbox 777 2848 867 2898; x_wconf 82' lang='lat' dir='ltr'>nunci·</span> 
     </span>
     <span class='ocr_line' id='line_1_36' title="bbox 70 2918 867 2987; baseline 0.003 -15"><span class='ocrx_word' id='word_1_266' title='bbox 70 2952 73 2956; x_wconf 43' lang='lat' dir='ltr'>v</span> <span class='ocrx_word' id='word_1_267' title='bbox 118 2937 149 2972; x_wconf 85' lang='lat' dir='ltr'>ns</span> <span class='ocrx_word' id='word_1_268' title='bbox 160 2919 259 2987; x_wconf 89' lang='lat' dir='ltr'>quidem</span> <span class='ocrx_word' id='word_1_269' title='bbox 269 2918 351 2983; x_wconf 83' lang='lat' dir='ltr'>cladis,</span> <span class='ocrx_word' id='word_1_270' title='bbox 369 2923 478 2970; x_wconf 89' lang='lat' dir='ltr'>Romam·</span> <span class='ocrx_word' id='word_1_271' title='bbox 486 2918 519 2968; x_wconf 85' lang='lat' dir='ltr'>eli</span> <span class='ocrx_word' id='word_1_272' title='bbox 535 2920 626 2970; x_wconf 81' lang='lat' dir='ltr'>millus.</span> <span class='ocrx_word' id='word_1_273' title='bbox 660 2921 701 2971; x_wconf 82' lang='lat' dir='ltr'>Ab</span> <span class='ocrx_word' id='word_1_274' title='bbox 709 2921 800 2972; x_wconf 83' lang='lat' dir='ltr'>dextro</span> <span class='ocrx_word' id='word_1_275' title='bbox 809 2939 867 2974; x_wconf 89' lang='lat' dir='ltr'>cor·-</span> 
     </span>
     <span class='ocr_line' id='line_1_37' title="bbox 119 2997 866 3070; baseline -0.004 -17"><span class='ocrx_word' id='word_1_276' title='bbox 119 3014 166 3070; x_wconf 67' lang='lat' dir='ltr'>nug</span> <span class='ocrx_word' id='word_1_277' title='bbox 181 2997 249 3070; x_wconf 81' lang='lat' dir='ltr'>quod</span> <span class='ocrx_word' id='word_1_278' title='bbox 263 2998 350 3068; x_wconf 75' lang='lat' dir='ltr'>procul</span> <span class='ocrx_word' id='word_1_279' title='bbox 361 2997 604 3068; x_wconf 71' lang='lat' dir='ltr'>aflmineumagis</span> <span class='ocrx_word' id='word_1_280' title='bbox 613 2998 751 3054; x_wconf 85' lang='lat' dir='ltr'>submonte</span> <span class='ocrx_word' id='word_1_281' title='bbox 759 3001 866 3065; x_wconf 79' lang='lat' dir='ltr'>steterat,</span> 
     </span>
    </p>
   </div>
   <div class='ocr_carea' id='block_1_2' title="bbox 454 3079 872 3142">
    <p class='ocr_par' dir='ltr' id='par_1_2' title="bbox 454 3079 872 3142">
     <span class='ocr_line' id='line_1_38' title="bbox 454 3079 872 3142; baseline 0.01 -12"><span class='ocrx_word' id='word_1_282' title='bbox 454 3079 480 3130; x_wconf 76' lang='lat'>0</span> <span class='ocrx_word' id='word_1_283' title='bbox 494 3089 511 3139; x_wconf 66' lang='grc' dir='ltr'><em>ε</em></span> <span class='ocrx_word' id='word_1_284' title='bbox 757 3081 872 3142; x_wconf 67' lang='lat' dir='ltr'>Romarm</span> 
     </span>
    </p>
   </div>
   <div class='ocr_carea' id='block_1_3' title="bbox 0 0 991 3660">
    <p class='ocr_par' dir='ltr' id='par_1_3' title="bbox 0 0 991 3660">
     <span class='ocr_line' id='line_1_39' title="bbox 0 0 991 3660; baseline 0 0"><span class='ocrx_word' id='word_1_285' title='bbox 0 0 991 3660; x_wconf 95' lang='lat' dir='ltr'> </span> 
     </span>
    </p>
   </div>
  </div>
 </body>
</html>
