1964 3660
118 143 158 204 §o
248 192 251 197 ,
377 138 420 200 Τ(
447 148 470 202 L
487 151 501 203 1
517 155 543 205 V
558 153 603 207 11

119 235 246 289 avocssll'et
246 235 430 305 ,'posleaquam
420 257 532 308 juvenes,
540 244 676 313 perpetrati
685 245 749 296 caede
749 261 865 316 ,pergere

121 314 196 364 adse
215 315 360 378 gratulantes
371 315 442 381 vrdrt
461 322 585 386 extemplo
604 323 726 380 advocato
746 325 862 395 concilio,

118 389 226 440 scelera'
220 407 245 441 m
257 391 377 457 scitatus,
396 395 515 460 originem
526 409 652 465 nepotum,
663 410 692 449 ut
702 400 786 469 geniti,
797 410 824 448 ut
835 417 861 448 e-

118 464 210 533 ducati,
222 477 250 517 ut
258 470 350 533 cogniti
361 471 443 536 essent,
454 473 544 522 cadem
552 473 663 541 deinceps
672 478 781 540 tyranni,
789 475 862 541 seque

114 543 172 607 'ejus
183 544 307 595 austorem
320 545 431 597 ollendit
465 551 580 614 Juvenes,
592 565 635 616 per
643 552 749 601 mediam
760 553 861 602 concio-

118 636 177 674 nem
187 627 284 690 agmine
295 627 396 692 ingrcffi,
406 645 482 695 quum
492 647 567 680 avum
579 644 660 693 regem
670 629 813 696 salutassent,
825 632 861 682 se-

119 715 178 755 cuta
189 721 221 757 ex
237 708 305 757 omni
322 709 478 760 multitudine
494 710 643 760 consentiens
654 725 707 758 vox
724 722 803 760 ratum
815 729 860 762 no·

113 783 176 832 'men
193 783 371 850 imperiumque
388 788 440 848 regi
457 785 544 836 effecit.
579 790 616 835 Ita
628 787 752 835 Numitori
765 788 860 837 Albana

117 855 232 924 permissa
241 876 274 923 re,
292 863 426 911 Romulum
438 865 590 927 Remumque
602 861 691 928 cupido
703 863 776 928 cepit,
793 865 819 911 in
830 864 860 913 iis

83 975 84 979 ,
117 933 187 999 locis,
199 935 242 984 ubi
251 935 363 1003 expositi,
373 930 464 1003 ubique
476 937 571 986 educati
583 948 658 1002 erant,
675 937 741 986 urbis
753 937 859 988 conden-

112 1010 164 1062 dae.
183 1014 208 1064 &
219 1015 341 1082 supererat
348 1014 479 1064 multitudo
492 1015 643 1065 Albanorum
654 1016 857 1080 Latinorumque.

117 1089 151 1139 ad
167 1090 192 1139 id
208 1092 313 1156 pastores
331 1107 429 1155 quoque
446 1091 605 1138 accesserant:
627 1092 669 1155 qui
687 1106 771 1139 onmes
788 1093 859 1154 facile

116 1166 187 1232 spem
198 1168 422 1231 facerent,.parvam
433 1167 529 1228 Albam,
541 1180 646 1232 parvum
655 1168 796 1235 Lavinium,
809 1183 859 1234 prae

117 1255 148 1290 ca
161 1241 221 1290 urbe
236 1257 289 1307 quae
303 1238 454 1302 conderetur,
469 1238 531 1288 sore.
565 1240 702 1288 Intervenit
718 1241 805 1289 deinde
821 1245 858 1292 his

54 1353 57 1359 .
116 1318 308 1381 cogitationibus
318 1317 414 1366 avitum
424 1316 523 1378 malum,
531 1317 598 1380 regni
609 1316 707 1382 cupido,
717 1328 789 1383 atque
801 1319 858 1368 inde

116 1393 210 1448 foedum
219 1405 341 1443 certamen
350 1389 548 1442 coortumasatis
556 1392 610 1440 miti
621 1392 750 1458 principio.
786 1397 856 1457 Quo-

115 1475 185 1524 uiam
208 1474 297 1538 gemini
317 1470 398 1535 essent,
418 1486 462 1519 nec
479 1471 555 1519 aetatis
569 1470 715 1520 verecundia
728 1471 856 1525 discrimen

114 1553 197 1603 lacere
209 1552 294 1621 pollet,
304 1562 332 1600 ut
344 1551 397 1615 Dii,
409 1565 514 1616 quorum
525 1549 606 1598 tutelae
616 1565 644 1597 ea
655 1549 709 1598 loca
720 1549 800 1616 essent,
812 1569 856 1602 au·

116 1630 193 1692 guriis
203 1631 320 1694 legerent,
332 1629 373 1694 qui
384 1643 474 1677 nomen
482 1643 554 1676 novae
562 1627 618 1675 urbi
629 1625 705 1690 daret,
717 1628 760 1691 qui
771 1630 855 1681 condi.

33 1710 36 1715 ’
115 1718 168 1757 tam
183 1707 287 1773 imperio
304 1716 405 1770 regeret.
441 1703 559 1771 Palatium
571 1704 698 1768 Romulus,
718 1707 809 1759 Remus
821 1711 856 1758 A.

116 1788 247 1837 ventinum
257 1784 287 1834 ad
296 1781 489 1848 inaugurandum
500 1783 591 1849 templa
601 1782 708 1848 capiunt.

110 1860 114 1864 ’
149 1866 211 1912 VII.
238 1863 316 1914 Priori
339 1865 417 1912 Remo
439 1861 568 1926 augurium
585 1858 675 1908 venisse
704 1859 788 1922 fertur,
811 1859 857 1913 sex

115 1940 247 1990 vultures:
268 1939 376 2005 jamque,
399 1938 515 1986 nunciato
533 1937 645 2001 augurio,
671 1951 747 2002 quum
765 1937 858 2004 duplex

115 2033 230 2068 numerus
247 2016 355 2067 Romulo
370 2013 393 2064 se
410 2013 552 2078 ostendisset,
568 2024 699 2077 utrumque
715 2028 796 2077 regem
815 2014 858 2064 sua

114 2095 249 2144 multitudo
265 2093 467 2143 consalutaverat.
501 2101 612 2154 tempore
630 2091 665 2137 illi
684 2101 814 2156 praecepto,
831 2103 856 2141 at

92 2185 95 2189 ·
114 2172 142 2219 bi
154 2187 257 2220 numero
271 2173 365 2230 avium,
383 2183 483 2230 regnum
499 2167 634 2214 trahebant.
669 2166 737 2228 Inde,
754 2182 811 2216 cum
821 2169 856 2218 al-

107 2244 249 2298 tercatione
261 2245 384 2311 congressi,
404 2244 534 2294 certamine
548 2244 639 2292 irarum
655 2241 685 2291 ad
699 2243 787 2293 eadem
799 2261 855 2296 ver-

114 2331 208 2372 tuntur.
243 2322 278 2375 ibi
295 2321 321 2368 in
338 2319 408 2368 turba
422 2318 481 2366 reus
492 2321 583 2367 Remus
594 2315 689 2366 cecidit.
724 2320 856 2383 vulgatior

113 2398 180 2450 sama
192 2400 232 2461 ell,
241 2398 346 2448 ludibrio
357 2396 436 2446 fratris
448 2400 552 2446 Remum
561 2412 640 2446 novos
651 2397 789 2445 transsluilsc
799 2413 855 2447 mu-

113 2491 173 2531 ros:
194 2475 249 2524 inde
264 2474 295 2524 ab
311 2476 373 2524 irato
389 2474 495 2523 Romulo
515 2475 601 2538 (quum
615 2474 696 2523 verbis
707 2490 806 2540 quoquc
817 2477 855 2525 in·

114 2553 235 2619 crepitans
246 2550 374 2614 adjecisset,
385 2552 421 2599 Sic
430 2551 508 2614 deinde,
520 2551 688 2616 quicunqnealius
696 2552 795 2617 tranfilift
805 2569 856 2602 me-

112 2631 149 2680 nia
160 2633 214 2694 mea)
227 2628 386 2677 intersesium.
422 2631 460 2675 lta
468 2627 531 2676 solus
542 2628 635 2695 potitus
646 2629 751 2695 impcrIo
759 2633 854 2680 Romu·

112 2709 164 2766 lus;
183 2706 281 2754 condita
292 2705 349 2753 urbs
361 2703 493 2752 conditoris
511 2705 609 2753 nominc
621 2706 750 2772 appellata.
767 2699 770 2703 ⁴
786 2706 855 2756 Pala·

113 2785 177 2833 tium
191 2783 305 2848 primum,
322 2782 408 2849 inquo
420 2780 470 2848 ipse
489 2793 540 2830 crat
557 2782 680 2847 educatus,
696 2784 799 2835 muniit:
817 2783 854 2832 sa-

112 2872 155 2906 cra
167 2861 219 2915 Diis
228 2861 280 2908 aliis
289 2859 384 2908 Albano
394 2859 444 2908 ritu
454 2878 462 2924 ;
471 2863 566 2923 Graece,
576 2862 683 2923 Herculi,
692 2871 720 2909 ut
730 2862 761 2910 ab
770 2864 852 2911 Evan·

110 2928 158 2984 deo
167 2933 273 2988 instituta
283 2947 359 3003 erant,
376 2934 444 2989 facit.
477 2937 608 2996 llerculem
619 2938 645 2987 in
656 2951 684 2986 ca
694 2936 758 3004 loca,
770 2939 852 3001 Gery·

804 3025 856 3066 one
