1964 3660
189 195 241 255 464
449 194 486 242 τ.
520 193 678 243 ιἰνῐι

190 280 308 343 tulerunt,
324 280 405 345 quieta
425 281 509 329 omnia
528 282 593 347 apud
617 282 702 330 Gallos
722 279 777 331 esse.
812 283 943 334 Samnium

191 372 290 422 quoque
297 359 350 421 jam
361 359 464 407 alterum
474 373 567 407 annum
578 359 672 407 turbari
684 359 757 407 novis
769 359 875 409 consiliis
890 360 942 408 sus-

192 436 288 501 pesium
299 446 360 484 erat.
378 452 408 484 eo
425 451 458 484 ex
477 451 538 499 agro
556 434 664 485 sidicino
679 437 800 484 exercitus
812 438 943 487 Romanus

191 529 243 562 non
254 511 419 561 estdeduetus.
456 516 571 561 Ceterum
589 513 707 561 Samnites
724 512 815 560 beilum
828 513 941 562 Alexan·

190 589 228 637 dri
241 587 361 654 Epirensis
373 590 399 638 in
410 591 524 640 Lucanos
536 591 621 653 traxit,
638 591 681 654 qui
693 590 742 639 duo
754 591 841 655 populi
849 590 940 640 adver·

191 663 230 713 sus
241 679 332 727 regem,
350 664 530 714 exscensionem
540 665 640 714 aPaesio
651 665 790 729 facientem,
802 665 876 728 signis
888 666 941 716 col·

189 741 245 790 latis
259 753 442 807 pugnaverunt.
459 757 491 792 eo
508 743 641 792 certamine
661 742 771 808 superior
788 742 940 805 Alexander,

191 819 313 868 incertum
325 821 373 883 quit
384 819 432 868 fide
443 821 559 883 culturus,
576 819 593 868 fi
603 819 703 886 perinde
718 830 797 868 cetera
812 817 940 884 procerus-

190 896 251 957 fenr,
268 911 354 962 pacem
366 913 421 946 cum
433 898 551 946 Romanis
564 897 632 946 secit.
667 897 761 947 Eodem
773 912 839 945 anno
852 895 939 946 census

189 972 265 1033 eiius,
281 973 392 1037 novique
404 975 471 1022 cives
481 972 558 1022 cens:
576 973 653 1022 tribus
671 983 772 1038 propter
789 986 831 1021 eos
848 971 940 1022 addire

190 1046 279 1096 Maecia
297 1047 321 1096 δι
341 1048 453 1114 Scaptia:
471 1046 582 1098 censores
598 1046 743 1097 addiderunt
762 1050 795 1109 Q.
816 1046 939 1097 Publilius

189 1124 269 1188 I’hilo,
287 1127 326 1190 sp.
346 1125 499 1175 Postumius·
524 1125 631 1174 Romani
652 1121 709 1173 saiii
730 1123 856 1184 Acerrani,
883 1123 939 1186 lege

121 1222 122 1226 =
190 1197 222 1247 ab
234 1201 265 1248 L.
278 1200 377 1266 Papirio
394 1200 569 1266 praetorelnts,
586 1200 636 1265 qui
648 1200 736 1248 civitas
752 1197 801 1247 srnc
818 1196 939 1264 suffragio

189 1274 255 1323 data⁴
290 1278 468 1326 Haeceoanno
479 1275 549 1325 domi
558 1277 701 1341 militiaeque
712 1268 786 1338 gessa.
842 1325 844 1329 ,

186 1381 191 1388 -
222 1353 322 1399 XVIII.
342 1351 428 1401 Foedus
442 1352 574 1416 insequens
587 1367 665 1403 nunus
677 1352 719 1402 seu
730 1350 876 1416 intemperie
887 1367 937 1403 cce·

111 1424 116 1435 '
187 1424 217 1486 li,
234 1423 276 1472 scu
286 1425 393 1473 humans
412 1425 498 1475 sraude
508 1427 565 1490 suit,
582 1430 621 1476 M.
636 1425 739 1476 Claudio
755 1426 886 1491 Marcello,
906 1430 936 1478 C.

189 1501 289 1551 Valerio
301 1501 450 1552 consulibus.
484 1503 600 1552 Flaccum
608 1505 767 1567 Potitumque
779 1505 885 1555 variein
896 1521 938 1555 an·

188 1577 284 1626 nalibus
301 1591 440 1641 cognomen
457 1576 563 1626 consulis
577 1577 696 1628 invenio:
714 1582 835 1642 ceterum,
853 1581 880 1629 In
897 1596 938 1643 eo,

189 1655 262 1724 parvi
273 1653 355 1719 refert,
375 1654 434 1721 quid
447 1657 499 1706 veri
514 1655 552 1705 sit.
571 1654 631 1704 illud
645 1655 764 1722 pervelim
780 1657 838 1718 (nec
849 1673 937 1709 omnes

187 1731 298 1784 austures
310 1732 374 1798 sunt)
392 1733 517 1803 proditum
527 1733 589 1783 salso
598 1731 654 1796 esse,
671 1734 772 1783 venenis
780 1732 937 1803 absumptos,

185 1825 295 1876 quorum
306 1825 372 1860 mors
383 1808 501 1860 infamem
514 1824 606 1860 annum
618 1809 749 1875 pestilentis
760 1808 855 1859 fecerit.
873 1809 937 1860 ficut

189 1886 302 1952 proditur
313 1897 394 1937 tamen
407 1903 453 1949 res,
470 1903 501 1937 ne
518 1888 558 1937 cui
570 1885 698 1951 austorum
709 1885 782 1935 fidem
793 1885 937 1950 abrogave-

184 1964 244 2025 rim,
262 1963 410 2031 exponenda
427 1964 469 2015 est.
504 1968 589 2029 Quum
599 1967 720 2032 primores
732 1964 839 2013 civitatis
850 1963 937 2028 uniti,

185 2039 234 2089 bus
245 2041 344 2106 morbis,
362 2041 499 2108 eodemque
510 2041 585 2091 ferme
595 2057 678 2091 omnes
688 2051 788 2104 eventu,
805 2055 936 2093 moreren-

186 2126 230 2166 tur
242 2136 248 2176 ;
260 2118 346 2168 ancilia
358 2119 469 2184 quaedam
480 2118 511 2167 ad
525 2122 559 2182 Q.
569 2119 674 2169 Fabium
686 2120 827 2170 Maximum
839 2118 938 2172 aedilem

187 2192 306 2254 curulem,
324 2195 486 2246 indicaturam
506 2194 530 2244 se
547 2193 645 2243 causam
662 2195 765 2260 publicar
776 2194 855 2261 pcssis,
872 2211 936 2261 pro·

184 2269 245 2320 sessa
263 2267 303 2329 est,
320 2268 337 2316 fi
354 2272 386 2318 ab
402 2287 433 2321 eo
451 2269 510 2319 fides
528 2271 570 2319 sibi
583 2271 640 2320 data
656 2268 722 2333 esset,
739 2272 804 2320 haud
818 2269 935 2335 fututum

185 2360 259 2396 noxae
276 2342 403 2393 indicium.
438 2346 672 2403 Fabiusconscssim
688 2362 741 2395 rem
760 2348 790 2396 ad
811 2348 934 2416 consules,

184 2421 296 2472 consules
307 2422 337 2470 ad
349 2421 458 2474 senatum
469 2423 593 2474 referunt:
611 2423 778 2488 consensuque
790 2424 883 2476 ordinis
902 2427 933 2485 ri·¹
965 2447 967 2450 ’

185 2499 227 2549 des
240 2497 315 2549 indici
326 2499 391 2550 data.
415 2504 485 2550 Tum
496 2500 651 2568 parcissium,
669 2501 783 2552 muliebri
798 2499 885 2563 fraude
897 2505 934 2553 ei.

183 2575 289 2624 nitatem
307 2579 394 2643 premi,
411 2578 581 2642 matronasque
597 2593 625 2626 ea
640 2594 735 2628 venena
755 2584 879 2641 coquere3
898 2580 935 2644 ἃ,

184 2650 202 2702 sr
219 2649 286 2715 sequi
304 2655 429 2720 extemplo
446 2655 531 2717 velint,
548 2654 675 2706 manifesto
693 2654 842 2720 deprehendi
853 2655 934 2721 poss’e.

184 2730 265 2777 secuti
278 2730 393 2793 indicem,
410 2730 435 2780 ἀ
453 2743 587 2796 coquentes
607 2729 722 2796 quasdam
741 2732 934 2799 medicamenta,

132 2829 139 2836 ·
184 2805 211 2852 dc
223 2805 349 2856 recondita
359 2807 414 2869 alia,
431 2807 587 2858 invenerunt.
607 2807 693 2872 quibus
705 2806 730 2856 in
741 2806 823 2857 sorum
836 2806 936 2876 delatis,

101 2949 104 2955 1
184 2881 210 2929 ἃ
229 2880 260 2930 ad
278 2883 368 2945 viginti
381 2885 506 2945 matronis,
524 2883 590 2950 apud
607 2899 666 2949 quas
683 2883 833 2950 deprehensa
850 2900 934 2952 erant,

184 2972 229 3026 per
239 2959 362 3013 viatorem
371 2962 464 3032 accitis,
480 2961 534 3016 due
550 2976 583 3016 ex
599 2963 641 3030 eis,
660 2963 775 3017 cornelia
790 2979 819 3013 ac
838 2967 934 3033 Sergia,

814 3043 931 3110 patricia
