1964 3660
152 187 202 238 322
406 163 450 230 r.
483 139 644 230 urv‘rr

153 264 263 314 Romam
281 277 366 314 omnes
380 265 479 332 petiere,
506 264 539 328 dc,
556 277 589 314 ne
603 261 688 314 elauris
705 259 805 331 quidem
822 260 902 331 pertin

155 339 231 402 urbis,
250 339 275 388 in
287 355 368 390 arcem
380 340 556 404 confugerunt.

190 419 316 466 XXXIX.
335 417 420 487 Gallos
433 431 534 484 quoque
545 415 616 465 velut
631 413 811 485 obstupesasios
827 415 902 477 mirer

154 491 239 541 culum
251 491 360 542 vitioriae
378 503 430 542 tam
445 493 577 560 repentinae
596 495 685 543 tenuit.
703 493 728 543 dt
745 491 789 559 ipsi
806 505 903 559 pavore

154 566 232 618 defixi
243 569 352 636 primum
363 570 487 636 steterunt,
504 570 575 619 velut
592 571 679 636 ignari,
697 569 757 638 quid
767 567 902 620 accidisset.

153 644 243 696 deinde
253 647 349 698 insidias
365 649 464 710 vereri;
480 649 603 716 postremo
613 649 730 700 caesorum
744 647 823 716 spolia
834 646 902 713 lego·

154 737 190 787 re,
207 740 381 792 armorumque
392 726 512 792 cumulos,
528 737 558 776 ut
571 741 625 777 mos
639 727 673 775 eis
684 725 726 790 cst,
743 738 903 775 coacervare.

156 804 226 853 Tum
237 802 346 868 demum,
363 805 491 871 postquam
502 805 562 855 nihil
578 805 681 870 usquam
692 803 777 854 hosiile
785 803 902 854 cerneba-

153 885 203 942 tur,
220 879 290 929 viam
305 880 410 944 ingressi,
427 879 492 930 haud
508 880 588 930 multo
604 891 661 930 ante
672 879 728 930 solis
742 877 858 930 occasum
869 877 901 928 ad

152 956 243 1005 urbem
254 959 361 1007 R'omam
380 957 537 1024 perveniunt.
555 957 598 1006 ubi
609 971 686 1023 quum
697 955 817 1026 praegressi
831 955 901 1022 equi-

153 1044 198 1099 tes,
215 1050 267 1086 non
275 1047 358 1103 portas
368 1035 467 1099 clausas,
483 1051 535 1086 non
543 1036 671 1087 stationem
679 1050 727 1103 pro
737 1035 815 1103 portis
826 1049 902 1085 excu-

154 1112 221 1177 bare,
238 1128 289 1163 non
301 1124 408 1164 armatos
416 1112 462 1162 esse
473 1113 500 1164 in
508 1115 592 1179 muris,
608 1111 756 1174 retulissent3
773 1111 900 1179 aliudpri·

154 1192 193 1240 ori
208 1191 284 1240 simile
298 1194 442 1242 miraculum
458 1207 500 1243 eos
520 1192 630 1243 sustinuit
638 1212 646 1256 ;
662 1192 808 1258 noctemque
823 1191 899 1240 veriti

154 1270 180 1320 dt
197 1269 288 1333 ignota
302 1270 373 1320 litum
391 1271 466 1335 urbis,
484 1271 548 1321 inter
564 1275 669 1322 Romam
685 1281 759 1336 atque
776 1269 900 1320 Anienem

154 1343 293 1409 consedere,
310 1347 508 1414 exploratoribus
518 1347 591 1398 miffis
609 1348 673 1397 circa
683 1348 774 1397 moenia
793 1346 900 1413 aliasque

153 1434 246 1492 portas,
263 1438 374 1490 quaenam
384 1425 493 1474 hostibus
510 1426 536 1474 in
548 1419 642 1492 perdita
658 1441 685 1474 re
702 1424 801 1482 consilia
815 1425 900 1481 esseut.

153 1504 269 1565 Romani,
288 1518 364 1568 quum
374 1518 429 1571 pars
445 1501 527 1567 major
536 1518 569 1552 ex
581 1505 633 1553 acie
645 1504 722 1569 Vejos
735 1503 838 1573 petisset,
855 1519 899 1563 ner

152 1597 196 1632 mo
208 1581 325 1648 superesse
345 1590 494 1648 quemquam
513 1591 600 1648 prater
615 1597 665 1647 eos,
682 1583 725 1650 qui
742 1587 849 1634 Romam
859 1599 900 1634 re·

152 1656 276 1722 sugerent,
301 1657 417 1723 crederet,
443 1657 591 1725 complorati
610 1674 703 1722 omnes,
731 1661 822 1726 pariter
841 1660 899 1711 vivi
950 1692 953 1696 >

152 1737 302 1804 mortuique,
319 1747 398 1788 totam
412 1740 489 1804 prope
502 1736 588 1787 urbem
598 1737 711 1788 lamentis
722 1737 899 1804 impleverunt.

151 1816 267 1868 Privatos
278 1815 365 1867 deinde
381 1815 459 1866 luilus
469 1815 597 1883 stupefecit
605 1817 716 1883 publicus
727 1831 815 1882 pavor,
832 1817 899 1884 post-

152 1910 227 1962 quam
237 1895 315 1946 hostes
327 1892 405 1945 adesse
421 1896 566 1944 nunciatum
582 1894 624 1944 cll.
641 1909 703 1945 mox
719 1894 825 1944 ululatus
840 1910 899 1945 ean·

151 1972 242 2038 tuique
253 1971 368 2037 dissonos,
380 1973 527 2036 vagantibus
535 1973 600 2022 eirca
608 1973 698 2022 moenia
707 1973 833 2022 turmatim
842 1973 900 2024 bar-

153 2052 227 2114 baris,
243 2051 383 2102 audiebant.
420 2056 500 2102 Omne
510 2051 565 2101 inde
579 2061 675 2118 tempus
685 2050 810 2118 suspensos
818 2053 853 2101 ita
862 2064 899 2110 te·

152 2129 208 2177 nuit
216 2128 313 2176 animos
320 2126 395 2191 usque
407 2127 437 2175 ad
448 2127 528 2175 lucem
536 2127 646 2188 alteram,
663 2137 691 2176 ut
701 2126 835 2178 identidem
845 2128 900 2192 jam

153 2204 178 2252 in
195 2203 281 2252 urbem
297 2202 394 2251 futurus
412 2201 539 2250 videretur
555 2203 662 2266 impetus
678 2203 761 2268 primo
777 2203 899 2270 adventu,

152 2295 203 2344 quo
214 2277 359 2327 accesserant
369 2277 401 2326 ad
417 2276 513 2326 urbem.
531 2276 658 2328 mansuros
675 2280 740 2327 enim
760 2279 792 2328 ad
805 2282 900 2336 Alliam

151 2354 232 2418 luisse,
249 2355 293 2404 nisi
304 2356 352 2404 hoc
363 2353 457 2403 consilii
468 2352 542 2402 foret.
567 2353 663 2404 Deinde
675 2354 719 2405 sub
730 2355 845 2408 occasum
857 2359 899 2412 so·

150 2433 188 2495 lis,
205 2433 264 2498 quia
275 2431 340 2481 haud
351 2431 456 2481 multum
469 2429 518 2480 diei
529 2429 661 2497 supererat,
677 2443 734 2484 ante
747 2433 846 2485 nortem
858 2452 899 2488 ra-

151 2514 171 2562 ti
183 2510 207 2561 se
219 2509 360 2572 invasuros;
379 2521 433 2558 tum
444 2510 470 2559 in
481 2508 579 2559 noiiem
589 2509 690 2562 dilatum
702 2511 830 2564 consilium
841 2515 897 2582 esst,

150 2607 202 2664 quo
214 2592 267 2659 plus
282 2593 382 2658 pavoris
400 2589 535 2640 inferrent.v
561 2589 684 2640 Postremo
700 2592 745 2640 lux
761 2595 897 2660 appropin-

151 2685 228 2738 quans
240 2669 400 2719 exanimare:
419 2667 553 2732 timorique
570 2678 690 2734 perpetuo
707 2665 786 2735 ipsum
802 2671 897 2723 malum

150 2747 279 2798 continens
298 2744 353 2808 suit,
370 2759 447 2810 quum
464 2742 530 2808 signa
547 2741 632 2792 insessa
650 2745 728 2811 portia
747 2743 803 2796 sunt
819 2746 896 2800 illata.
963 2754 971 2770 ¹

150 2828 312 2891 Nequaquam
329 2834 411 2873 tamen
430 2823 458 2872 ei
477 2820 557 2886 nodie,
573 2837 653 2889 neque
665 2823 801 2890 insequenti
812 2825 851 2876 die
865 2825 895 2876 fi-

96 2907 99 2912 '
149 2904 215 2965 milis
231 2904 274 2966 illi,
292 2918 345 2968 quae
363 2901 395 2951 ad
413 2901 503 2950 Alliam
515 2911 565 2950 tam
585 2900 674 2968 pavide
684 2902 788 2967 fugerat,
806 2904 896 2956 civitat

149 2977 213 3031 tuit..
240 2983 306 3032 Nam
317 2994 394 3048 quum
404 2976 502 3032 defendi
518 2977 605 3031 urbem
615 2976 690 3049 polle,
702 2991 753 3032 tam
763 2981 842 3052 parra
855 2997 894 3030 re·
