1964 3660
358 226 526 281 Lts-utt
559 225 607 281 iv.
810 246 860 295 237
955 277 961 286 .

114 315 201 366 buerc.
222 313 389 383 Trepidatum
401 319 492 384 itaque,
509 335 560 369 non
572 316 598 370 i'n
608 319 673 384 agris
683 319 770 385 magis,
785 318 861 387 quim

113 395 223 457 in'urbe,
240 397 282 444 est.
316 396 397 460 Julius
406 397 491 446 consui
504 391 529 448 in
545 414 635 462 aggere
645 398 768 463 mutisque
780 400 861 466 expli·

113 481 157 523 sat
168 472 260 537 copias.
284 476 299 520 a
310 473 425 536 virginio
437 473 535 524 senatus
543 475 569 522 in
581 472 631 524 aedc
642 475 743 538 Quirini
754 475 861 525 consuli-

113 543 166 598 (υτ.
195 544 353 600 Βὶὲὶαῐοτοτττ
367 551 416 599 dici
431 542 463 599 A
478 552 861 625 Serviliumpiacet,curPr1sce
908 563 910 570 '

114 627 167 690 alii,
185 627 226 676 alii
244 626 338 677 Strusio
350 628 419 677 suissc
431 620 570 694 cognomen
581 631 710 680 tradunt.
709 633 861 697 Virginius,

116 695 183 754 dum·
194 706 314 769 collegam
333 707 477 769 consuleret,
502 719 620 771 moratus,
644 710 801 775 permittente
821 725 860 774 eo,

115 781 189 833 nodie
200 783 344 833 distatorem
355 785 446 836 dixit'
439 801 459 834 rs
468 784 512 834 fibi
522 786 662 850 magistrum
674 789 785 853 equiumt
794 787 861 838 Post·

116 866 205 909 timum
217 848 346 911 AEbutiuni
358 863 446 911 Elvam
457 860 527 928 dicit

115 941 240 988 ··ΧΧΙΙ.
255 925 370 988 Disiator
394 942 478 991 omnes
497 941 552 990 luce
572 940 650 1008 primi
672 953 744 992 extra
763 954 861 1010 portam

115 1004 240 1066 Collinam
252 1017 329 1067 adesse
338 1004 417 1081 jubet.
430 1000 649 1086 quibuscunque
624 1034 689 1068 vires
699 1019 862 1108 suppetebant

115 1078 161 1144 aid
159 1088 228 1144 arma
238 1094 346 1158 serenda,
364 1094 449 1162 prasio
460 1095 544 1159 sisere.
561 1091 628 1159 signa
636 1110 668 1145 ex
680 1097 766 1146 aerario
778 1112 862 1164 prorn-

115 1169 161 1240 pta
178 1153 290 1222 feruntur
306 1173 337 1222 ad
354 1168 507 1241 disiajtorem.
542 1176 605 1238 Quae
622 1188 698 1240 quum
717 1186 862 1240 agerentur,

104 1250 198 1302 ‚hostes
215 1245 241 1300 iti
259 1252 314 1301 loca
329 1252 417 1311 altiora
434 1251 578 1303 concessere.
602 1257 632 1301 eo
649 1252 752 1303 diiiator
763 1255 863 1319 agmine

117 1325 206 1377 infesto
218 1328 296 1386 subit:
314 1346 359 1379 nec
371 1331 458 1401 procul
476 1334 603 1381 Nomento
620 1329 691 1394 srgnis
702 1331 804 1395 conatis,
821 1323 861 1380 su·

118 1402 279 1481 ditdltruscas
296 1405 413 1468 legiones.
436 1406 557 1473 compulit
576 1405 657 1455 inde
651 1422 675 1454 m
686 1407 774 1456 urbem
789 1405 862 1456 Fide·

118 1474 171 1544 nas,
183 1481 304 1548 ‘valloque
321 1483 489 1534 circumdedit
523 1482 568 1533 Sed
578 1499 658 1549 neque
670 1482 737 1533 scalis
748 1486 804 1552 capi
816 1499 862 1553 po-

116 1571 183 1611 terat
192 1561 250 1610 urbs
261 1562 309 1627 alta
322 1563 354 1633 ὃς
360 1564 467 1611 munita
460 1578 564 1628 ,neque
575 1562 601 1612 in·
616 1562 741 1617 obsrdione
757 1566 797 1613 vis
813 1564 864 1612 ulla

117 1636 180 1707 ertit,
196 1640 254 1707 quia
265 1640 416 1707 frumentum
435 1655 486 1690 non
505 1640 636 1690 necessitati
648 1640 724 1691 'modo
737 1641 803 1705 satis,
821 1629 862 1692 sed

117 1714 198 1783 ‘copiae
218 1733 325 1783 quoque,
342 1702 439 1767 abunde
460 1732 492 1766 ex
511 1716 567 1765 aitte
586 1716 706 1766 convesio
718 1719 861 1768 sufficiebat.

120 1792 169 1855 Ita,
187 1794 345 1867 expugnandi
357 1796 449 1860 pariter
459 1792 611 1858 cogendique
619 1793 650 1842 ad
662 1793 811 1845 deditionem
820 1794 863 1860 spe

119 1858 212 1933 imissa,
231 1870 335 1920 didator
352 1873 377 1919 in
397 1860 466 1932 locis,
483 1879 584 1936 propter
594 1870 804 1937 propinquitatem
816 1888 863 1921 no·

118 1945 158 2010 tis,
176 1947 207 1996 ab
219 1946 305 1996 aversa
322 1956 390 2013 parte
401 1947 468 1994 urbis
485 1944 593 1993 maxime
603 1943 720 2009 neglecta,
737 1947 794 2011 quia
809 1946 863 1995 sud·
880 1980 885 1991 t

118 2018 160 2096 ¹pte
175 2024 261 2073 naturi
280 2025 394 2074 tutissima
410 2033 470 2086 erat,
487 2036 559 2085 agere
579 2021 604 2070 in
623 2038 704 2072 arcem
722 2023 864 2074 cuniculum

119 2101 230 2151 instituit.
256 2101 313 2168 ipse,
332 2100 493 2151 diversffimts
509 2099 569 2150 locis
587 2096 713 2168 subeundo
731 2100 761 2150 ad
772 2102 864 2171 moenia

119 2179 294 2245 quadrifariam
305 2178 386 2229 diviso
396 2180 516 2245 exercitu,
538 2178 580 2245 qui
591 2178 633 2231 aiii
644 2177 864 2231 aliis‘succederent

119 2258 150 2306 ad
162 2275 276 2348 pugnam,
294 2257 430 2310 continenti
442 2259 481 2309 die
494 2276 522 2308 ac
533 2259 603 2309 nodie
616 2260 701 2329 prelio
713 2260 743 2310 ab
753 2255 857 2310 sensu'
834 2276 864 2311 o·

119 2332 182 2414 peris
198 2338 275 2388 hostes
286 2341 428 2405 avertebat:
447 2339 534 2404 donec,
552 2338 682 2407 perspssoa
694 2340 775 2391 castris
789 2357 861 2392 mon·

119 2420 153 2474 te,
166 2415 279 2465 erectam
290 2434 371 2467 arcem
383 2419 425 2468 via
434 2417 482 2467 esi·
476 2417 647 2484 ,intentisque
659 2416 766 2473 Etruscis
774 2418 805 2468 ad
816 2435 862 2468 va·

121 2501 163 2536 nas
175 2493 189 2536 a
200 2502 267 2540 certo
287 2495 396 2558 periculo
408 2496 495 2560 minas,
513 2495 605 2545 clamor
617 2495 688 2563 supra
700 2505 774 2561 caput
787 2496 862 2545 hosii-

120 2563 258 2633 iiscaptam
275 2568 360 2618 urbem
370 2570 482 2620 ostendit
516 2571 555 2620 Eo
568 2587 637 2623 anno
653 2576 681 2621 C.
695 2572 863 2622 FuriusPaci·

120 2643 159 2692 ius
170 2643 195 2692 dc
215 2646 253 2692 M
267 2647 392 2710 Geganius
408 2646 548 2699 Macerinus
564 2649 674 2700 censores
686 2649 771 2699 villam
783 2650 864 2715 publi·

121 2736 177 2770 cam
197 2722 223 2770 in
240 2737 328 2789 campo
346 2724 439 2772 Martio
456 2722 640 2799 probaverunt:
658 2727 742 2854 ibique
753 2727 864 2792 primum

120 2797 207 2847 census
219 2800 305 2866 populi
317 2799 349 2848 est
360 2800 435 2850 astus

154 2877 257 2924 XXIII
275 2875 380 2927 Eosdem
396 2874 506 2934 consules
523 2877 659 2950 insequenti
675 2894 741 2928 anno
752 2877 863 2952 rescisos,

120 2950 215 3020 Julium
227 2955 336 3021 tertium,
336 2937 513 3023 virginium·
506 2967 606 3031 iterum,
617 2955 682 3024 apud
694 2958 807 3023 Macrum
818 2959 863 3011 Li·'

119 3029 216 3115 citrium
227 3031 340 3088 invenio.
373 3028 507 3088 Valerius
503 3024 599 3086 Antio
603 3031 636 3088 Bt
653 3037 686 3103 Q·
680 3017 862 3154 Tupp'arprpfi

424 3116 433 3147 t
809 3118 817 3152 τ
835 3117 862 3152 tn
