1964 3660
363 189 530 240 LIBER
564 192 599 240 v
696 228 698 232 .
813 204 860 252 33¹

113 276 160 327 bus
172 277 309 357 amplexor,
326 277 466 330 trucidat'
457 293 558 344 Jamque
571 279 596 329 δι
613 278 656 328 alii
671 279 813 344 congregati
826 290 863 330 te

115 353 145 404 lis
157 343 329 421 missilibusque
344 355 408 406 saxis
424 356 569 424 proturbare
585 357 673 420 hostes,
690 357 810 423 ruinaque
822 367 864 407 to·

116 442 142 481 ta
151 431 263 500 prolapsa
274 433 336 482 acies
345 434 371 483 in
380 448 485 500 praeeeps
497 432 596 482 deserti.
630 435 719 484 Sedato
730 432 817 484 deinde
826 443 865 484 tu

116 508 204 572 multu,
221 509 341 575 reliquum
353 508 430 559 noslis
447 509 614 574 (quantumin
626 507 729 558 turbatis
740 509 865 562 mentibus

115 595 223 652 poterat,
240 601 318 652 quum
329 587 479 653 preteritum
491 601 588 652 quoque
599 576 737 654 perieulirm
748 585 864 639 sollicitas

116 666 164 728 ret)
181 663 259 728 quieti
275 656 360 714 datum
377 664 419 713 est.
454 665 523 712 Luce
537 664 600 726 ortl,
617 663 714 713 vocatis
725 660 820 712 claffieo
831 658 865 712 ad

102 796 201 883 'peram
212 814 277 867 salio
296 817 404 884 pretium
419 814 553 866 deberetur
561 833 568 876 ;
586 815 694 864 Manlius
706 815 812 882 primum
830 813 866 866 ob

116 891 236 941 virtutem
247 891 358 942 laudatur
375 889 535 957 donatusque,
553 905 604 942 non
616 892 647 940 ab
665 891 769 940 tribunis
784 889 865 944 solum

116 968 231 1031 militurn,
248 967 289 1018 sed
300 965 418 1019 consensu
433 969 508 1018 etiarn
518 966 636 1017 militari:
655 966 695 1015 cui
707 965 813 1016 universi
826 965 864 1015 se·

116 1044 190 1095 libras
201 1044 271 1095 sarris
282 1044 307 1097 ἃ
319 1045 455 1111 quartarios
467 1044 520 1095 vini
532 1042 563 1093 ad
575 1042 637 1093 aedes
648 1043 709 1107 ejus,
726 1058 781 1108 quae
789 1042 815 1092 in
824 1056 865 1099 ara

118 1137 146 1172 ce
157 1132 234 1186 erant,
251 1122 417 1174 contulerunt.
434 1136 487 1172 rem
499 1119 564 1171 dictu
575 1135 687 1188 parvam,
706 1123 815 1169 ceterum
825 1119 865 1170 in,

117 1202 176 1268 opia
186 1200 278 1250 fecerat
292 1215 347 1250 eam
358 1209 530 1264 argumentum
541 1200 627 1262 ingens
643 1196 760 1261 caritatis,
777 1199 866 1285 quum,

118 1276 142 1327 se
154 1277 256 1344 quisque
272 1276 340 1327 virtu
352 1275 397 1328 suo
416 1275 538 1341 fraudans,
555 1273 691 1325 detraslum
711 1274 811 1342 corpori
827 1283 866 1325 at-.

118 1372 167 1422 que
178 1355 259 1405 usibus
270 1353 405 1405 necessariis
415 1354 446 1405 ad
457 1355 579 1404 honorem
589 1355 662 1403 unius
673 1352 722 1401 virt
715 1351 866 1403 ⁸.eonserret

119 1438 190 1484 Tum
201 1433 324 1497 vigiles
302 1448 355 1498 ejus
365 1433 423 1498 loci,
441 1432 489 1498 qul
499 1410 619 1482 seselierat
635 1429 766 1480 ascendens
782 1429 867 1496 hostie,

119 1512 206 1564 citati:
224 1512 249 1563 ἀ
260 1527 337 1578 quum
346 1512 372 1561 in
387 1526 472 1562 omnes
482 1525 552 1561 more
563 1510 663 1560 militari
674 1508 699 1557 se
708 1507 865 1559 animadven

118 1590 201 1643 surum
218 1593 251 1654 Q.
272 1589 391 1656 Sulpicius
409 1588 522 1638 tribunus
541 1587 648 1636 militum
667 1582 867 1653 pronuneilssetp

119 1667 287 1720 consentiente
298 1666 405 1716 elamore
421 1665 537 1727 militum,
554 1664 581 1712 in
594 1676 673 1711 unum
690 1661 794 1724 vigilem
805 1676 866 1712 con·

116 1743 257 1811 jicientium
270 1741 376 1807 culpam,
393 1740 531 1803 deterritus,
547 1743 563 1788 a
580 1736 667 1787 ceteris
677 1735 810 1787 abstinuit:
828 1751 870 1789 reo

118 1837 163 1873 um
179 1818 246 1870 haud
265 1818 370 1868 dubium
385 1817 437 1882 ejus
454 1830 536 1879 noxae,
553 1814 749 1885 approbantibus
766 1814 868 1880 eunetis,

119 1900 151 1950 de
163 1898 224 1948 saxo
244 1896 342 1960 dejecit.
377 1894 438 1946 Inde
456 1892 600 1943 intentiores
618 1892 733 1956 utrinque
754 1889 869 1944 custodie

121 1975 168 2025 esse
174 1994 184 2036 3
200 1972 301 2042 &apud
315 1971 409 2037 Gallos,
426 1971 485 2038 quia
496 1969 626 2034 vulgatum
637 1977 697 2030 erat,
715 1967 779 2016 inter
791 1965 869 2030 Vejoa

119 2055 276 2118 Romamque
287 2051 392 2102 nuncios
402 2061 558 2110 commeare3
574 2043 675 2116 &apud
682 2047 819 2109 Romanos,
834 2042 869 2097 ab

121 2130 236 2185 nossurni
249 2130 351 2199 periculi
362 2127 493 2180 memoria.
748 2144 751 2148 ⁴

154 2211 279 2260 XLVIII.
298 2206 417 2260 sedante
434 2205 517 2257 omnia
534 2201 669 2256 obfidionit
685 2201 793 2268 bellique
804 2199 870 2253 maie

120 2288 198 2341 sames
208 2286 326 2353 utrinque
339 2285 478 2336 exercitum
492 2282 612 2349 urgebat:
630 2279 717 2335 Gallos
734 2278 870 2347 pestilentia

122 2367 207 2429 etiam,
225 2380 302 2430 quum
314 2363 388 2416 loco
379 2373 476 2428 jacente
487 2363 552 2412 inter
565 2359 675 2410 tumulos
688 2358 765 2408 'casira
773 2357 867 2408 baben·

120 2455 165 2506 tes,
183 2453 234 2492 tum
248 2444 280 2493 ab
300 2443 417 2493 incendiis
435 2441 530 2491 torrido
548 2440 573 2490 ἃ
584 2438 686 2505 vaporis
701 2438 784 2504 pleno,
801 2436 870 2487 cine-

120 2534 231 2584 remque,
243 2535 294 2570 non
307 2520 434 2585 pulverem
445 2518 530 2578 modo,
541 2516 644 2578 serente,
656 2528 731 2578 quum
741 2512 801 2579 quid
810 2527 870 2564 ven·

121 2601 141 2650 ti
150 2608 248 2648 motum
259 2595 325 2646 esset.
344 2611 449 2662 quorum
468 2592 678 2645 intolerantissima
695 2605 762 2656 gens,
780 2591 869 2641 humo·

121 2677 194 2740 rique
205 2691 234 2723 ac
249 2673 336 2738 srigori
354 2673 453 2735 assueta,
469 2688 547 2738 quum
564 2671 620 2722 aessu
629 2671 654 2722 ἀ
665 2685 758 2736 angore
769 2679 869 2734 vexata,

120 2752 230 2815 vulgatis
242 2752 311 2800 velut
323 2752 348 2800 in
361 2766 438 2819 pecua
446 2749 548 2813 morbis,
560 2758 714 2811 moreretur;
728 2747 781 2811 jam
793 2746 871 2814 pigri·

123 2833 157 2884 tia
168 2830 273 2895 singulos
282 2829 412 2896 sepeliendi
422 2826 559 2896 prorniscue
567 2838 695 2878 acervatos
704 2824 815 2877 cumulos
824 2826 870 2876 ho·

122 2910 218 2961 minum
228 2907 347 2957 urebant.
365 2906 539 2972 bustorumque
553 2906 611 2967 inde
623 2893 777 2955 Gallicorum
788 2903 871 2956 nomi·
919 2899 921 2903 ’

122 2999 156 3040 ne
172 2984 293 3054 insignem
307 2985 392 3040 loctrm
408 2984 498 3041 secere
531 2982 639 3039 Inducta
649 2981 806 3038 deindecum
817 2984 869 3033 rto
956 2976 964 2990 “

153 3098 155 3103 ’
788 3060 871 3121 rnatu
