<?xml version="1.0" encoding="UTF-8"?>
<!DOCTYPE html PUBLIC "-//W3C//DTD XHTML 1.0 Transitional//EN"
    "http://www.w3.org/TR/xhtml1/DTD/xhtml1-transitional.dtd">
<html xmlns="http://www.w3.org/1999/xhtml" xml:lang="en" lang="en">
 <head>
  <title>
</title>
<meta http-equiv="Content-Type" content="text/html;charset=utf-8" />
  <meta name='ocr-system' content='tesseract 3.04.00' />
  <meta name='ocr-capabilities' content='ocr_page ocr_carea ocr_par ocr_line ocrx_word'/>
</head>
<body>
  <div class='ocr_page' id='page_1' title='image "./titiliviipatavi00livygoog_0148.png"; bbox 0 0 1964 3660; ppageno 0'>
   <div class='ocr_carea' id='block_1_1' title="bbox 352 179 841 250">
    <p class='ocr_par' dir='ltr' id='par_1_1' title="bbox 352 179 841 250">
     <span class='ocr_line' id='line_1_1' title="bbox 352 179 841 250; baseline 0.016 -18"><span class='ocrx_word' id='word_1_1' title='bbox 352 179 521 234; x_wconf 77' lang='lat' dir='ltr'>LIBER</span> <span class='ocrx_word' id='word_1_2' title='bbox 553 182 591 235; x_wconf 82' lang='lat'>11.</span> <span class='ocrx_word' id='word_1_3' title='bbox 792 197 841 250; x_wconf 61' lang='grc' dir='ltr'>ιη</span> 
     </span>
    </p>
   </div>
   <div class='ocr_carea' id='block_1_2' title="bbox 41 259 844 566">
    <p class='ocr_par' dir='ltr' id='par_1_2' title="bbox 41 259 844 566">
     <span class='ocr_line' id='line_1_2' title="bbox 127 259 844 339; baseline 0.007 -19"><span class='ocrx_word' id='word_1_4' title='bbox 127 268 225 320; x_wconf 74' lang='lat' dir='ltr'>Lle.</span> <span class='ocrx_word' id='word_1_5' title='bbox 242 268 361 319; x_wconf 83' lang='lat' dir='ltr'>Extremo</span> <span class='ocrx_word' id='word_1_6' title='bbox 377 285 443 320; x_wconf 84' lang='lat' dir='ltr'>anno</span> <span class='ocrx_word' id='word_1_7' title='bbox 468 272 534 338; x_wconf 76' lang='lat' dir='ltr'>pacis</span> <span class='ocrx_word' id='word_1_8' title='bbox 550 259 643 336; x_wconf 52' lang='lat' dir='ltr'>alicuid</span> <span class='ocrx_word' id='word_1_9' title='bbox 664 267 712 322; x_wconf 87' lang='lat' dir='ltr'>fuit</span> <span class='ocrx_word' id='word_1_10' title='bbox 721 292 729 335; x_wconf 88' lang='lat'>;</span> <span class='ocrx_word' id='word_1_11' title='bbox 747 272 795 339; x_wconf 85' lang='lat' dir='ltr'>scd,</span> <span class='ocrx_word' id='word_1_12' title='bbox 811 281 844 325; x_wconf 82' lang='lat' dir='ltr'>ut</span> 
     </span>
     <span class='ocr_line' id='line_1_3' title="bbox 41 343 841 416; baseline 0.006 -22"><span class='ocrx_word' id='word_1_13' title='bbox 41 374 45 383; x_wconf 88' lang='lat'><strong>·</strong></span> <span class='ocrx_word' id='word_1_14' title='bbox 95 343 190 413; x_wconf 83' lang='lat' dir='ltr'>selnper</span> <span class='ocrx_word' id='word_1_15' title='bbox 200 347 266 409; x_wconf 74' lang='lat' dir='ltr'>¹aliis,</span> <span class='ocrx_word' id='word_1_16' title='bbox 283 345 390 397; x_wconf 83' lang='lat' dir='ltr'>sollicitae</span> <span class='ocrx_word' id='word_1_17' title='bbox 402 348 533 397; x_wconf 87' lang='lat' dir='ltr'>certamine</span> <span class='ocrx_word' id='word_1_18' title='bbox 544 348 682 398; x_wconf 74' lang='lat' dir='ltr'>Petrum&amp;</span> <span class='ocrx_word' id='word_1_19' title='bbox 694 350 780 416; x_wconf 85' lang='lat' dir='ltr'>plebis.</span> <span class='ocrx_word' id='word_1_20' title='bbox 815 352 841 399; x_wconf 91' lang='lat'>1-</span> 
     </span>
     <span class='ocr_line' id='line_1_4' title="bbox 95 423 842 491; baseline 0.007 -20"><span class='ocrx_word' id='word_1_21' title='bbox 95 433 148 472; x_wconf 83' lang='lat' dir='ltr'>rata</span> <span class='ocrx_word' id='word_1_22' title='bbox 168 424 239 491; x_wconf 15' lang='lat' dir='ltr'>plebs?</span> <span class='ocrx_word' id='word_1_23' title='bbox 248 423 357 473; x_wconf 81' lang='lat' dir='ltr'>interesse</span> <span class='ocrx_word' id='word_1_24' title='bbox 370 423 536 474; x_wconf 83' lang='lat' dir='ltr'>consularibus</span> <span class='ocrx_word' id='word_1_25' title='bbox 547 425 655 474; x_wconf 82' lang='lat' dir='ltr'>comitiis</span> <span class='ocrx_word' id='word_1_26' title='bbox 667 426 757 475; x_wconf 88' lang='lat' dir='ltr'>noluit.</span> <span class='ocrx_word' id='word_1_27' title='bbox 793 428 842 477; x_wconf 81' lang='lat' dir='ltr'>Per</span> 
     </span>
     <span class='ocr_line' id='line_1_5' title="bbox 94 498 842 566; baseline 0.003 -17"><span class='ocrx_word' id='word_1_28' title='bbox 94 499 178 549; x_wconf 76' lang='lat' dir='ltr'>Patres</span> <span class='ocrx_word' id='word_1_29' title='bbox 185 498 332 566; x_wconf 86' lang='lat' dir='ltr'>clientesque</span> <span class='ocrx_word' id='word_1_30' title='bbox 343 503 443 549; x_wconf 75' lang='lat' dir='ltr'>Pa&#39;trurn</span> <span class='ocrx_word' id='word_1_31' title='bbox 454 500 563 551; x_wconf 82' lang='lat' dir='ltr'>consules</span> <span class='ocrx_word' id='word_1_32' title='bbox 575 502 659 565; x_wconf 85' lang='lat' dir='ltr'>creati,</span> <span class='ocrx_word' id='word_1_33' title='bbox 678 505 712 550; x_wconf 90' lang='lat' dir='ltr'>T.</span> <span class='ocrx_word' id='word_1_34' title='bbox 727 500 842 565; x_wconf 77' lang='lat' dir='ltr'>Quinili·</span> 
     </span>
    </p>
   </div>
   <div class='ocr_carea' id='block_1_3' title="bbox 94 576 945 644">
    <p class='ocr_par' dir='ltr' id='par_1_3' title="bbox 94 576 945 644">
     <span class='ocr_line' id='line_1_6' title="bbox 94 576 945 644; baseline 0.009 -20"><span class='ocrx_word' id='word_1_35' title='bbox 94 588 130 640; x_wconf 79' lang='lat' dir='ltr'>ue,</span> <span class='ocrx_word' id='word_1_36' title='bbox 151 581 184 641; x_wconf 77' lang='lat' dir='ltr'>Q.</span> <span class='ocrx_word' id='word_1_37' title='bbox 198 577 323 626; x_wconf 82' lang='lat' dir='ltr'>Servilius.</span> <span class='ocrx_word' id='word_1_38' title='bbox 357 576 458 627; x_wconf 86' lang='lat' dir='ltr'>similem</span> <span class='ocrx_word' id='word_1_39' title='bbox 474 584 564 626; x_wconf 70' lang='lat' dir='ltr'>annum</span> <span class='ocrx_word' id='word_1_40' title='bbox 583 578 658 644; x_wconf 84' lang='lat' dir='ltr'>priori</span> <span class='ocrx_word' id='word_1_41' title='bbox 675 578 843 629; x_wconf 83' lang='lat' dir='ltr'>consulcsha·</span> <span class='ocrx_word' id='word_1_42' title='bbox 942 628 945 632; x_wconf 87' lang='lat'>.</span> 
     </span>
    </p>
   </div>
   <div class='ocr_carea' id='block_1_4' title="bbox 94 652 844 870">
    <p class='ocr_par' dir='ltr' id='par_1_4' title="bbox 94 652 844 870">
     <span class='ocr_line' id='line_1_7' title="bbox 94 652 842 720; baseline 0.004 -18"><span class='ocrx_word' id='word_1_43' title='bbox 94 653 165 717; x_wconf 60' lang='lat' dir='ltr'>benc„</span> <span class='ocrx_word' id='word_1_44' title='bbox 178 653 291 703; x_wconf 87' lang='lat' dir='ltr'>seditiosa</span> <span class='ocrx_word' id='word_1_45' title='bbox 303 653 381 716; x_wconf 85' lang='lat' dir='ltr'>initia,</span> <span class='ocrx_word' id='word_1_46' title='bbox 398 653 463 702; x_wconf 92' lang='lat' dir='ltr'>bello</span> <span class='ocrx_word' id='word_1_47' title='bbox 474 652 562 703; x_wconf 89' lang='lat' dir='ltr'>deinde</span> <span class='ocrx_word' id='word_1_48' title='bbox 579 665 682 704; x_wconf 86' lang='lat' dir='ltr'>externo</span> <span class='ocrx_word' id='word_1_49' title='bbox 700 656 842 720; x_wconf 79' lang='lat' dir='ltr'>tranquilla.</span> 
     </span>
     <span class='ocr_line' id='line_1_8' title="bbox 95 729 842 795; baseline 0.001 -17"><span class='ocrx_word' id='word_1_50' title='bbox 95 730 185 793; x_wconf 80' lang='lat' dir='ltr'>Sabini,</span> <span class='ocrx_word' id='word_1_51' title='bbox 204 729 372 779; x_wconf 84' lang='lat' dir='ltr'>Crustuminos</span> <span class='ocrx_word' id='word_1_52' title='bbox 384 742 484 794; x_wconf 84' lang='lat' dir='ltr'>campos</span> <span class='ocrx_word' id='word_1_53' title='bbox 499 729 575 778; x_wconf 85' lang='lat' dir='ltr'>citato</span> <span class='ocrx_word' id='word_1_54' title='bbox 586 730 683 792; x_wconf 81' lang='lat' dir='ltr'>agmine</span> <span class='ocrx_word' id='word_1_55' title='bbox 698 731 842 795; x_wconf 77' lang='lat' dir='ltr'>transgressi,</span> 
     </span>
     <span class='ocr_line' id='line_1_9' title="bbox 95 804 844 870; baseline 0.004 -16"><span class='ocrx_word' id='word_1_56' title='bbox 95 821 172 870; x_wconf 87' lang='lat' dir='ltr'>quum</span> <span class='ocrx_word' id='word_1_57' title='bbox 182 807 257 857; x_wconf 83' lang='lat' dir='ltr'>caedes</span> <span class='ocrx_word' id='word_1_58' title='bbox 268 807 293 856; x_wconf 77' lang='lat' dir='ltr'>dc</span> <span class='ocrx_word' id='word_1_59' title='bbox 304 804 417 855; x_wconf 83' lang='lat' dir='ltr'>incendia</span> <span class='ocrx_word' id='word_1_60' title='bbox 429 805 522 854; x_wconf 89' lang='lat' dir='ltr'>circum</span> <span class='ocrx_word' id='word_1_61' title='bbox 534 806 656 854; x_wconf 79' lang='lat' dir='ltr'>Anienem</span> <span class='ocrx_word' id='word_1_62' title='bbox 666 808 758 855; x_wconf 85' lang='lat' dir='ltr'>flumen</span> <span class='ocrx_word' id='word_1_63' title='bbox 769 806 844 857; x_wconf 84' lang='lat' dir='ltr'>secis-</span> 
     </span>
    </p>
   </div>
   <div class='ocr_carea' id='block_1_5' title="bbox 94 880 845 1104">
    <p class='ocr_par' dir='ltr' id='par_1_5' title="bbox 94 880 845 1104">
     <span class='ocr_line' id='line_1_10' title="bbox 96 880 842 953; baseline 0.008 -24"><span class='ocrx_word' id='word_1_64' title='bbox 96 880 157 947; x_wconf 85' lang='lat' dir='ltr'>sent,</span> <span class='ocrx_word' id='word_1_65' title='bbox 174 888 188 932; x_wconf 74' lang='grc' dir='ltr'>ὲ</span> <span class='ocrx_word' id='word_1_66' title='bbox 199 894 271 953; x_wconf 77' lang='lat' dir='ltr'>porta</span> <span class='ocrx_word' id='word_1_67' title='bbox 282 885 360 950; x_wconf 75' lang='lat' dir='ltr'>prope</span> <span class='ocrx_word' id='word_1_68' title='bbox 381 881 477 931; x_wconf 85' lang='lat' dir='ltr'>Collina</span> <span class='ocrx_word' id='word_1_69' title='bbox 489 882 658 947; x_wconf 75' lang='lat' dir='ltr'>menibusque</span> <span class='ocrx_word' id='word_1_70' title='bbox 669 883 737 949; x_wconf 78' lang='lat' dir='ltr'>puls,</span> <span class='ocrx_word' id='word_1_71' title='bbox 755 886 842 949; x_wconf 79' lang='lat' dir='ltr'>ingen·</span> 
     </span>
     <span class='ocr_line' id='line_1_11' title="bbox 95 958 845 1026; baseline 0.008 -20"><span class='ocrx_word' id='word_1_72' title='bbox 95 967 132 1006; x_wconf 80' lang='lat' dir='ltr'>ter</span> <span class='ocrx_word' id='word_1_73' title='bbox 143 969 225 1008; x_wconf 83' lang='lat' dir='ltr'>tamen</span> <span class='ocrx_word' id='word_1_74' title='bbox 242 958 333 1025; x_wconf 74' lang='lat' dir='ltr'>predas</span> <span class='ocrx_word' id='word_1_75' title='bbox 345 959 475 1007; x_wconf 79' lang='lat' dir='ltr'>hdlnirium</span> <span class='ocrx_word' id='word_1_76' title='bbox 485 971 653 1024; x_wconf 81' lang='lat' dir='ltr'>pecorumque</span> <span class='ocrx_word' id='word_1_77' title='bbox 664 974 744 1023; x_wconf 80' lang='lat' dir='ltr'>egere.</span> <span class='ocrx_word' id='word_1_78' title='bbox 778 977 845 1026; x_wconf 76' lang='lat' dir='ltr'>quoe</span> 
     </span>
     <span class='ocr_line' id='line_1_12' title="bbox 94 1033 842 1104; baseline 0.005 -21"><span class='ocrx_word' id='word_1_79' title='bbox 94 1033 306 1084; x_wconf 72' lang='lat' dir='ltr'>Serviliuseonsul</span> <span class='ocrx_word' id='word_1_80' title='bbox 322 1034 409 1084; x_wconf 81' lang='lat' dir='ltr'>infesto</span> <span class='ocrx_word' id='word_1_81' title='bbox 424 1036 535 1085; x_wconf 87' lang='lat' dir='ltr'>exercitu</span> <span class='ocrx_word' id='word_1_82' title='bbox 547 1033 676 1098; x_wconf 72' lang='lat' dir='ltr'>insecutus,</span> <span class='ocrx_word' id='word_1_83' title='bbox 694 1036 774 1104; x_wconf 86' lang='lat' dir='ltr'>ipsum</span> <span class='ocrx_word' id='word_1_84' title='bbox 785 1038 842 1103; x_wconf 88' lang='lat' dir='ltr'>qui·</span> 
     </span>
    </p>
   </div>
   <div class='ocr_carea' id='block_1_6' title="bbox 90 1110 844 2409">
    <p class='ocr_par' dir='ltr' id='par_1_6' title="bbox 90 1110 844 2409">
     <span class='ocr_line' id='line_1_13' title="bbox 93 1110 844 1182; baseline 0.005 -22"><span class='ocrx_word' id='word_1_85' title='bbox 93 1110 150 1161; x_wconf 87' lang='lat' dir='ltr'>dem</span> <span class='ocrx_word' id='word_1_86' title='bbox 167 1126 256 1176; x_wconf 84' lang='lat' dir='ltr'><strong>agmen</strong></span> <span class='ocrx_word' id='word_1_87' title='bbox 266 1111 368 1180; x_wconf 81' lang='lat' dir='ltr'>adipisci</span> <span class='ocrx_word' id='word_1_88' title='bbox 380 1110 454 1177; x_wconf 67' lang='lat' dir='ltr'>dqui&#39;c</span> <span class='ocrx_word' id='word_1_89' title='bbox 468 1113 532 1182; x_wconf 84' lang='lat' dir='ltr'>locis·</span> <span class='ocrx_word' id='word_1_90' title='bbox 540 1128 591 1162; x_wconf 89' lang='lat' dir='ltr'>non</span> <span class='ocrx_word' id='word_1_91' title='bbox 603 1113 700 1180; x_wconf 89' lang='lat' dir='ltr'>potuit;</span> <span class='ocrx_word' id='word_1_92' title='bbox 715 1115 844 1180; x_wconf 82' lang='lat' dir='ltr'>populati·</span> 
     </span>
     <span class='ocr_line' id='line_1_14' title="bbox 93 1187 842 1253; baseline 0.003 -15"><span class='ocrx_word' id='word_1_93' title='bbox 93 1199 168 1238; x_wconf 85' lang='lat' dir='ltr'>onem</span> <span class='ocrx_word' id='word_1_94' title='bbox 178 1189 240 1238; x_wconf 85' lang='lat' dir='ltr'>aded</span> <span class='ocrx_word' id='word_1_95' title='bbox 256 1187 331 1238; x_wconf 76' lang='lat' dir='ltr'>effuse</span> <span class='ocrx_word' id='word_1_96' title='bbox 346 1189 459 1253; x_wconf 77' lang='lat' dir='ltr'>secit,²t1t</span> <span class='ocrx_word' id='word_1_97' title='bbox 474 1190 536 1238; x_wconf 90' lang='lat' dir='ltr'>nibil</span> <span class='ocrx_word' id='word_1_98' title='bbox 551 1189 617 1244; x_wconf 84' lang='lat' dir='ltr'>bello</span> <span class='ocrx_word' id='word_1_99' title='bbox 635 1188 753 1239; x_wconf 70' lang='lat' dir='ltr'>intailum</span> <span class='ocrx_word' id='word_1_100' title='bbox 765 1191 842 1240; x_wconf 84' lang='lat' dir='ltr'>relin-</span> 
     </span>
     <span class='ocr_line' id='line_1_15' title="bbox 94 1266 842 1335; baseline 0.004 -21"><span class='ocrx_word' id='word_1_101' title='bbox 94 1274 187 1330; x_wconf 86' lang='lat' dir='ltr'>queret,</span> <span class='ocrx_word' id='word_1_102' title='bbox 203 1266 383 1334; x_wconf 83' lang='lat' dir='ltr'>multiplicique</span> <span class='ocrx_word' id='word_1_103' title='bbox 397 1267 468 1334; x_wconf 66' lang='lat' dir='ltr'>capti</span> <span class='ocrx_word' id='word_1_104' title='bbox 484 1267 565 1335; x_wconf 70' lang='lat' dir='ltr'>praedi</span> <span class='ocrx_word' id='word_1_105' title='bbox 578 1266 678 1316; x_wconf 82' lang='lat' dir='ltr'>rediret.</span> <span class='ocrx_word' id='word_1_106' title='bbox 696 1270 728 1316; x_wconf 88' lang='lat' dir='ltr'>Et</span> <span class='ocrx_word' id='word_1_107' title='bbox 739 1269 765 1316; x_wconf 92' lang='lat' dir='ltr'>in</span> <span class='ocrx_word' id='word_1_108' title='bbox 777 1268 842 1319; x_wconf 79' lang='lat' dir='ltr'>vol-</span> 
     </span>
     <span class='ocr_line' id='line_1_16' title="bbox 93 1331 842 1410; baseline 0.001 -17"><span class='ocrx_word' id='word_1_109' title='bbox 93 1342 138 1393; x_wconf 83' lang='lat' dir='ltr'>scis</span> <span class='ocrx_word' id='word_1_110' title='bbox 157 1341 292 1408; x_wconf 84' lang='lat' dir='ltr'>respublica</span> <span class='ocrx_word' id='word_1_111' title='bbox 311 1343 408 1408; x_wconf 77' lang='lat' dir='ltr'>egregie</span> <span class='ocrx_word' id='word_1_112' title='bbox 424 1343 495 1408; x_wconf 77' lang='lat' dir='ltr'>gesta,</span> <span class='ocrx_word' id='word_1_113' title='bbox 513 1358 591 1410; x_wconf 87' lang='lat' dir='ltr'>quum</span> <span class='ocrx_word' id='word_1_114' title='bbox 607 1343 683 1408; x_wconf 88' lang='lat' dir='ltr'>ducis,</span> <span class='ocrx_word' id='word_1_115' title='bbox 701 1354 754 1394; x_wconf 83' lang='lat' dir='ltr'>tum</span> <span class='ocrx_word' id='word_1_116' title='bbox 772 1331 842 1394; x_wconf 84' lang='lat' dir='ltr'>mili·</span> 
     </span>
     <span class='ocr_line' id='line_1_17' title="bbox 94 1420 843 1491; baseline 0.003 -22"><span class='ocrx_word' id='word_1_117' title='bbox 94 1430 148 1469; x_wconf 84' lang='lat' dir='ltr'>tum</span> <span class='ocrx_word' id='word_1_118' title='bbox 160 1421 242 1486; x_wconf 76' lang='lat' dir='ltr'>operi.</span> <span class='ocrx_word' id='word_1_119' title='bbox 277 1420 387 1471; x_wconf 78' lang='lat' dir='ltr'>Primum</span> <span class='ocrx_word' id='word_1_120' title='bbox 404 1437 475 1487; x_wconf 88' lang='lat' dir='ltr'>aequo</span> <span class='ocrx_word' id='word_1_121' title='bbox 492 1437 581 1491; x_wconf 78' lang='lat' dir='ltr'>eampo</span> <span class='ocrx_word' id='word_1_122' title='bbox 593 1421 664 1485; x_wconf 78' lang='lat' dir='ltr'>signis</span> <span class='ocrx_word' id='word_1_123' title='bbox 675 1423 776 1471; x_wconf 78' lang='lat' dir='ltr'>&#39;colatis</span> <span class='ocrx_word' id='word_1_124' title='bbox 792 1437 843 1490; x_wconf 80' lang='lat' dir='ltr'>pu-</span> 
     </span>
     <span class='ocr_line' id='line_1_18' title="bbox 94 1498 843 1566; baseline 0.008 -19"><span class='ocrx_word' id='word_1_125' title='bbox 94 1509 204 1562; x_wconf 72' lang='lat' dir='ltr'>gnaturn,</span> <span class='ocrx_word' id='word_1_126' title='bbox 220 1499 314 1562; x_wconf 83' lang='lat' dir='ltr'>ingenti</span> <span class='ocrx_word' id='word_1_127' title='bbox 327 1498 391 1548; x_wconf 84' lang='lat' dir='ltr'>eaedc</span> <span class='ocrx_word' id='word_1_128' title='bbox 407 1501 532 1566; x_wconf 88' lang='lat' dir='ltr'>utrinque,</span> <span class='ocrx_word' id='word_1_129' title='bbox 549 1499 656 1566; x_wconf 88' lang='lat' dir='ltr'>plurimo</span> <span class='ocrx_word' id='word_1_130' title='bbox 668 1498 793 1564; x_wconf 78' lang='lat' dir='ltr'>sanguine.</span> <span class='ocrx_word' id='word_1_131' title='bbox 812 1499 843 1553; x_wconf 68' lang='grc' dir='ltr'>δε</span> 
     </span>
     <span class='ocr_line' id='line_1_19' title="bbox 93 1575 842 1643; baseline 0.001 -18"><span class='ocrx_word' id='word_1_132' title='bbox 93 1575 209 1643; x_wconf 83' lang='lat' dir='ltr'>Romani,</span> <span class='ocrx_word' id='word_1_133' title='bbox 226 1576 284 1641; x_wconf 84' lang='lat' dir='ltr'>quia</span> <span class='ocrx_word' id='word_1_134' title='bbox 298 1576 408 1643; x_wconf 73' lang='lat' dir='ltr'>paucitas</span> <span class='ocrx_word' id='word_1_135' title='bbox 420 1575 510 1625; x_wconf 85' lang='lat' dir='ltr'>damno</span> <span class='ocrx_word' id='word_1_136' title='bbox 522 1575 647 1625; x_wconf 77' lang='lat' dir='ltr'>sentimdo</span> <span class='ocrx_word' id='word_1_137' title='bbox 664 1578 768 1643; x_wconf 87' lang='lat' dir='ltr'>propior</span> <span class='ocrx_word' id='word_1_138' title='bbox 778 1586 842 1642; x_wconf 76' lang='lat' dir='ltr'>erat,</span> 
     </span>
     <span class='ocr_line' id='line_1_20' title="bbox 93 1650 839 1717; baseline 0.001 -16"><span class='ocrx_word' id='word_1_139' title='bbox 93 1652 196 1716; x_wconf 82' lang='lat' dir='ltr'>gradum</span> <span class='ocrx_word' id='word_1_140' title='bbox 206 1651 355 1714; x_wconf 77' lang='lat' dir='ltr'>retulissent3</span> <span class='ocrx_word' id='word_1_141' title='bbox 371 1653 398 1701; x_wconf 90' lang='lat' dir='ltr'>ni</span> <span class='ocrx_word' id='word_1_142' title='bbox 415 1650 504 1702; x_wconf 83' lang='lat' dir='ltr'>salubri</span> <span class='ocrx_word' id='word_1_143' title='bbox 515 1652 645 1702; x_wconf 85' lang='lat' dir='ltr'>mendacio</span> <span class='ocrx_word' id='word_1_144' title='bbox 656 1651 749 1717; x_wconf 82' lang='lat' dir='ltr'>consul,</span> <span class='ocrx_word' id='word_1_145' title='bbox 766 1653 839 1717; x_wconf 84' lang='lat' dir='ltr'>fuge·</span> 
     </span>
     <span class='ocr_line' id='line_1_21' title="bbox 92 1729 838 1793; baseline 0.005 -14"><span class='ocrx_word' id='word_1_146' title='bbox 92 1743 119 1779; x_wconf 89' lang='lat' dir='ltr'>re</span> <span class='ocrx_word' id='word_1_147' title='bbox 134 1730 211 1780; x_wconf 80' lang='lat' dir='ltr'>hostes</span> <span class='ocrx_word' id='word_1_148' title='bbox 222 1730 253 1780; x_wconf 87' lang='lat' dir='ltr'>ab</span> <span class='ocrx_word' id='word_1_149' title='bbox 264 1747 343 1781; x_wconf 89' lang='lat' dir='ltr'>cornu</span> <span class='ocrx_word' id='word_1_150' title='bbox 356 1730 434 1779; x_wconf 88' lang='lat' dir='ltr'>altero</span> <span class='ocrx_word' id='word_1_151' title='bbox 443 1729 581 1793; x_wconf 78' lang='lat' dir='ltr'>clamitans,</span> <span class='ocrx_word' id='word_1_152' title='bbox 599 1730 739 1780; x_wconf 74' lang='lat' dir='ltr'>concitdlset</span> <span class='ocrx_word' id='word_1_153' title='bbox 748 1732 838 1783; x_wconf 79' lang='lat' dir='ltr'>aciem.</span> 
     </span>
     <span class='ocr_line' id='line_1_22' title="bbox 93 1804 838 1871; baseline 0.005 -19"><span class='ocrx_word' id='word_1_154' title='bbox 93 1804 187 1871; x_wconf 87' lang='lat' dir='ltr'>impetu</span> <span class='ocrx_word' id='word_1_155' title='bbox 199 1805 272 1868; x_wconf 74' lang='lat' dir='ltr'>salio,</span> <span class='ocrx_word' id='word_1_156' title='bbox 291 1806 350 1854; x_wconf 90' lang='lat' dir='ltr'>dum</span> <span class='ocrx_word' id='word_1_157' title='bbox 368 1804 392 1854; x_wconf 89' lang='lat' dir='ltr'>se</span> <span class='ocrx_word' id='word_1_158' title='bbox 411 1813 502 1871; x_wconf 87' lang='lat' dir='ltr'>putant</span> <span class='ocrx_word' id='word_1_159' title='bbox 516 1805 624 1868; x_wconf 78' lang='lat' dir='ltr'>vincere,</span> <span class='ocrx_word' id='word_1_160' title='bbox 642 1805 733 1854; x_wconf 86' lang='lat' dir='ltr'>vicere.</span> <span class='ocrx_word' id='word_1_161' title='bbox 769 1809 838 1856; x_wconf 86' lang='lat' dir='ltr'>Con-</span> 
     </span>
     <span class='ocr_line' id='line_1_23' title="bbox 92 1880 839 1945; baseline -0.003 -13"><span class='ocrx_word' id='word_1_162' title='bbox 92 1880 137 1945; x_wconf 85' lang='lat' dir='ltr'>sul,</span> <span class='ocrx_word' id='word_1_163' title='bbox 148 1893 260 1932; x_wconf 82' lang='lat' dir='ltr'>metuens</span> <span class='ocrx_word' id='word_1_164' title='bbox 271 1897 302 1930; x_wconf 89' lang='lat' dir='ltr'>ne</span> <span class='ocrx_word' id='word_1_165' title='bbox 312 1881 385 1931; x_wconf 88' lang='lat' dir='ltr'>nimis</span> <span class='ocrx_word' id='word_1_166' title='bbox 398 1880 507 1930; x_wconf 88' lang='lat' dir='ltr'>instando</span> <span class='ocrx_word' id='word_1_167' title='bbox 517 1882 650 1930; x_wconf 84' lang='lat' dir='ltr'>renovaret</span> <span class='ocrx_word' id='word_1_168' title='bbox 660 1891 791 1945; x_wconf 86' lang='lat' dir='ltr'>certarnen,</span> <span class='ocrx_word' id='word_1_169' title='bbox 808 1882 839 1931; x_wconf 72' lang='lat' dir='ltr'>sr-</span> 
     </span>
     <span class='ocr_line' id='line_1_24' title="bbox 91 1954 841 2024; baseline -0.003 -17"><span class='ocrx_word' id='word_1_170' title='bbox 91 1973 170 2024; x_wconf 76' lang='lat' dir='ltr'>gnum</span> <span class='ocrx_word' id='word_1_171' title='bbox 188 1958 298 2023; x_wconf 86' lang='lat' dir='ltr'>receptui</span> <span class='ocrx_word' id='word_1_172' title='bbox 317 1955 394 2006; x_wconf 86' lang='lat' dir='ltr'>dedit.</span> <span class='ocrx_word' id='word_1_173' title='bbox 428 1955 584 2004; x_wconf 83' lang='lat' dir='ltr'>Intercessere</span> <span class='ocrx_word' id='word_1_174' title='bbox 603 1957 675 2022; x_wconf 76' lang='lat' dir='ltr'>pauci</span> <span class='ocrx_word' id='word_1_175' title='bbox 689 1954 749 2019; x_wconf 86' lang='lat' dir='ltr'>dies,</span> <span class='ocrx_word' id='word_1_176' title='bbox 767 1958 841 2010; x_wconf 71' lang='lat' dir='ltr'>velut</span> 
     </span>
     <span class='ocr_line' id='line_1_25' title="bbox 90 2029 840 2100; baseline -0.001 -15"><span class='ocrx_word' id='word_1_177' title='bbox 90 2035 172 2085; x_wconf 88' lang='lat' dir='ltr'>tacitis</span> <span class='ocrx_word' id='word_1_178' title='bbox 192 2033 295 2083; x_wconf 87' lang='lat' dir='ltr'>induciis</span> <span class='ocrx_word' id='word_1_179' title='bbox 311 2033 428 2100; x_wconf 88' lang='lat' dir='ltr'>utrinque</span> <span class='ocrx_word' id='word_1_180' title='bbox 445 2031 527 2096; x_wconf 84' lang='lat' dir='ltr'>quiete</span> <span class='ocrx_word' id='word_1_181' title='bbox 544 2029 656 2097; x_wconf 76' lang='lat' dir='ltr'>sumpti:</span> <span class='ocrx_word' id='word_1_182' title='bbox 672 2048 717 2098; x_wconf 88' lang='lat' dir='ltr'>per</span> <span class='ocrx_word' id='word_1_183' title='bbox 727 2047 787 2097; x_wconf 89' lang='lat' dir='ltr'>quos</span> <span class='ocrx_word' id='word_1_184' title='bbox 798 2034 840 2084; x_wconf 85' lang='lat' dir='ltr'>in·-</span> 
     </span>
     <span class='ocr_line' id='line_1_26' title="bbox 91 2107 836 2178; baseline -0.001 -17"><span class='ocrx_word' id='word_1_185' title='bbox 91 2127 150 2178; x_wconf 80' lang='lat' dir='ltr'>gens</span> <span class='ocrx_word' id='word_1_186' title='bbox 162 2112 200 2161; x_wconf 82' lang='lat' dir='ltr'>vis</span> <span class='ocrx_word' id='word_1_187' title='bbox 217 2111 347 2160; x_wconf 87' lang='lat' dir='ltr'>hominum</span> <span class='ocrx_word' id='word_1_188' title='bbox 359 2123 392 2158; x_wconf 85' lang='lat' dir='ltr'>ex</span> <span class='ocrx_word' id='word_1_189' title='bbox 409 2108 524 2158; x_wconf 86' lang='lat' dir='ltr'>omnibus</span> <span class='ocrx_word' id='word_1_190' title='bbox 539 2107 636 2159; x_wconf 85' lang='lat' dir='ltr'>volscis·</span> <span class='ocrx_word' id='word_1_191' title='bbox 646 2107 778 2174; x_wconf 83' lang='lat' dir='ltr'>AEquisque</span> <span class='ocrx_word' id='word_1_192' title='bbox 789 2125 836 2176; x_wconf 87' lang='lat' dir='ltr'>po·</span> 
     </span>
     <span class='ocr_line' id='line_1_27' title="bbox 92 2177 836 2257; baseline 0.001 -18"><span class='ocrx_word' id='word_1_193' title='bbox 92 2189 155 2257; x_wconf 85' lang='lat' dir='ltr'>pulis</span> <span class='ocrx_word' id='word_1_194' title='bbox 166 2190 190 2238; x_wconf 89' lang='lat' dir='ltr'>in</span> <span class='ocrx_word' id='word_1_195' title='bbox 209 2189 283 2237; x_wconf 87' lang='lat' dir='ltr'>castra</span> <span class='ocrx_word' id='word_1_196' title='bbox 300 2188 378 2251; x_wconf 82' lang='lat' dir='ltr'>venit,</span> <span class='ocrx_word' id='word_1_197' title='bbox 396 2184 461 2235; x_wconf 86' lang='lat' dir='ltr'>haud</span> <span class='ocrx_word' id='word_1_198' title='bbox 478 2177 598 2250; x_wconf 81' lang='lat' dir='ltr'>dubitans,</span> <span class='ocrx_word' id='word_1_199' title='bbox 615 2185 765 2251; x_wconf 81' lang='lat' dir='ltr'>sisenserint,</span> <span class='ocrx_word' id='word_1_200' title='bbox 782 2193 836 2240; x_wconf 86' lang='lat' dir='ltr'>Ro·</span> 
     </span>
     <span class='ocr_line' id='line_1_28' title="bbox 92 2262 838 2331; baseline 0.003 -15"><span class='ocrx_word' id='word_1_201' title='bbox 92 2262 181 2316; x_wconf 62' lang='lat' dir='ltr'>manos&#39;</span> <span class='ocrx_word' id='word_1_202' title='bbox 197 2265 267 2315; x_wconf 76' lang='lat' dir='ltr'>nolle</span> <span class='ocrx_word' id='word_1_203' title='bbox 286 2263 406 2314; x_wconf 84' lang='lat' dir='ltr'>abituros.</span> <span class='ocrx_word' id='word_1_204' title='bbox 442 2265 529 2331; x_wconf 85' lang='lat' dir='ltr'>ltaque</span> <span class='ocrx_word' id='word_1_205' title='bbox 548 2265 620 2314; x_wconf 68' lang='lat' dir='ltr'>tertii</span> <span class='ocrx_word' id='word_1_206' title='bbox 638 2263 688 2315; x_wconf 71' lang='lat' dir='ltr'>sere</span> <span class='ocrx_word' id='word_1_207' title='bbox 707 2266 792 2330; x_wconf 73' lang='lat' dir='ltr'>vigilii</span> <span class='ocrx_word' id='word_1_208' title='bbox 803 2265 838 2318; x_wconf 78' lang='lat' dir='ltr'>ad</span> 
     </span>
     <span class='ocr_line' id='line_1_29' title="bbox 92 2338 833 2409; baseline -0.001 -18"><span class='ocrx_word' id='word_1_209' title='bbox 92 2342 167 2391; x_wconf 82' lang='lat' dir='ltr'>eallra</span> <span class='ocrx_word' id='word_1_210' title='bbox 178 2340 343 2409; x_wconf 83' lang='lat' dir='ltr'>oppugnanda</span> <span class='ocrx_word' id='word_1_211' title='bbox 356 2339 470 2396; x_wconf 85' lang='lat' dir='ltr'>veniunt.</span> <span class='ocrx_word' id='word_1_212' title='bbox 493 2338 630 2403; x_wconf 75' lang='lat' dir='ltr'>Quiniiius,</span> <span class='ocrx_word' id='word_1_213' title='bbox 647 2338 731 2392; x_wconf 83' lang='lat' dir='ltr'>sedato</span> <span class='ocrx_word' id='word_1_214' title='bbox 742 2341 833 2391; x_wconf 85' lang='lat' dir='ltr'>tumul-</span> 
     </span>
    </p>
   </div>
   <div class='ocr_carea' id='block_1_7' title="bbox 91 2415 919 2483">
    <p class='ocr_par' dir='ltr' id='par_1_7' title="bbox 91 2415 919 2483">
     <span class='ocr_line' id='line_1_30' title="bbox 91 2415 919 2483; baseline 0.001 -16"><span class='ocrx_word' id='word_1_215' title='bbox 91 2426 129 2479; x_wconf 85' lang='lat' dir='ltr'>tu,</span> <span class='ocrx_word' id='word_1_216' title='bbox 146 2432 218 2482; x_wconf 89' lang='lat' dir='ltr'>quem</span> <span class='ocrx_word' id='word_1_217' title='bbox 236 2429 316 2467; x_wconf 89' lang='lat' dir='ltr'>terror</span> <span class='ocrx_word' id='word_1_218' title='bbox 335 2415 428 2466; x_wconf 86' lang='lat' dir='ltr'>subitus</span> <span class='ocrx_word' id='word_1_219' title='bbox 447 2416 582 2482; x_wconf 82' lang='lat' dir='ltr'>exciverat,</span> <span class='ocrx_word' id='word_1_220' title='bbox 599 2432 676 2483; x_wconf 86' lang='lat' dir='ltr'>quum</span> <span class='ocrx_word' id='word_1_221' title='bbox 692 2432 790 2467; x_wconf 84' lang='lat' dir='ltr'>manere</span> <span class='ocrx_word' id='word_1_222' title='bbox 808 2419 837 2469; x_wconf 81' lang='lat' dir='ltr'>iu</span> <span class='ocrx_word' id='word_1_223' title='bbox 913 2436 919 2447; x_wconf 86' lang='lat'><strong>·</strong></span> 
     </span>
    </p>
   </div>
   <div class='ocr_carea' id='block_1_8' title="bbox 90 2484 834 2560">
    <p class='ocr_par' dir='ltr' id='par_1_8' title="bbox 90 2484 834 2560">
     <span class='ocr_line' id='line_1_31' title="bbox 90 2484 834 2560; baseline 0 -17"><span class='ocrx_word' id='word_1_224' title='bbox 90 2493 203 2543; x_wconf 84' lang='lat' dir='ltr'>tentoriis</span> <span class='ocrx_word' id='word_1_225' title='bbox 213 2494 323 2560; x_wconf 88' lang='lat' dir='ltr'>quietum</span> <span class='ocrx_word' id='word_1_226' title='bbox 334 2484 438 2543; x_wconf 81' lang='lat' dir='ltr'>militem</span> <span class='ocrx_word' id='word_1_227' title='bbox 444 2493 550 2557; x_wconf 78' lang='lat' dir='ltr'>jullllsct,</span> <span class='ocrx_word' id='word_1_228' title='bbox 567 2495 732 2543; x_wconf 87' lang='lat' dir='ltr'>Hernicorum</span> <span class='ocrx_word' id='word_1_229' title='bbox 742 2495 834 2544; x_wconf 87' lang='lat' dir='ltr'>cohor·</span> 
     </span>
    </p>
   </div>
   <div class='ocr_carea' id='block_1_9' title="bbox 90 2571 931 2634">
    <p class='ocr_par' dir='ltr' id='par_1_9' title="bbox 90 2571 931 2634">
     <span class='ocr_line' id='line_1_32' title="bbox 90 2571 931 2634; baseline 0.001 -14"><span class='ocrx_word' id='word_1_230' title='bbox 90 2579 143 2621; x_wconf 89' lang='lat' dir='ltr'>tem</span> <span class='ocrx_word' id='word_1_231' title='bbox 154 2571 179 2620; x_wconf 87' lang='lat' dir='ltr'>in</span> <span class='ocrx_word' id='word_1_232' title='bbox 197 2571 323 2622; x_wconf 81' lang='lat' dir='ltr'>stationem</span> <span class='ocrx_word' id='word_1_233' title='bbox 340 2571 422 2621; x_wconf 86' lang='lat' dir='ltr'>educit</span> <span class='ocrx_word' id='word_1_234' title='bbox 431 2589 439 2631; x_wconf 93' lang='lat'>;</span> <span class='ocrx_word' id='word_1_235' title='bbox 455 2573 591 2622; x_wconf 81' lang='lat' dir='ltr'>cornicines</span> <span class='ocrx_word' id='word_1_236' title='bbox 610 2571 788 2634; x_wconf 82' lang='lat' dir='ltr'>tubicinesque,</span> <span class='ocrx_word' id='word_1_237' title='bbox 805 2571 836 2621; x_wconf 79' lang='lat' dir='ltr'>iu</span> <span class='ocrx_word' id='word_1_238' title='bbox 927 2603 931 2610; x_wconf 51' lang='grc' dir='ltr'><em>ι</em></span> 
     </span>
    </p>
   </div>
   <div class='ocr_carea' id='block_1_10' title="bbox 20 2645 910 3084">
    <p class='ocr_par' dir='ltr' id='par_1_10' title="bbox 20 2645 910 3023">
     <span class='ocr_line' id='line_1_33' title="bbox 76 2645 836 2715; baseline -0.003 -19"><span class='ocrx_word' id='word_1_239' title='bbox 76 2693 79 2696; x_wconf 87' lang='grc'><em>,</em></span> <span class='ocrx_word' id='word_1_240' title='bbox 92 2661 169 2714; x_wconf 80' lang='lat' dir='ltr'>equos</span> <span class='ocrx_word' id='word_1_241' title='bbox 182 2647 412 2715; x_wconf 81' lang='lat' dir='ltr'>impositos,canere</span> <span class='ocrx_word' id='word_1_242' title='bbox 423 2656 480 2696; x_wconf 85' lang='lat' dir='ltr'>ante</span> <span class='ocrx_word' id='word_1_243' title='bbox 493 2647 587 2697; x_wconf 77' lang='lat' dir='ltr'>vallum</span> <span class='ocrx_word' id='word_1_244' title='bbox 595 2646 675 2710; x_wconf 84' lang='lat' dir='ltr'>jubet,</span> <span class='ocrx_word' id='word_1_245' title='bbox 692 2645 836 2694; x_wconf 84' lang='lat' dir='ltr'>sollicitum·</span> 
     </span>
     <span class='ocr_line' id='line_1_34' title="bbox 90 2719 835 2791; baseline -0.004 -17"><span class='ocrx_word' id='word_1_246' title='bbox 90 2740 140 2791; x_wconf 90' lang='lat' dir='ltr'>que</span> <span class='ocrx_word' id='word_1_247' title='bbox 159 2724 251 2776; x_wconf 85' lang='lat' dir='ltr'>hostem</span> <span class='ocrx_word' id='word_1_248' title='bbox 268 2723 298 2773; x_wconf 92' lang='lat' dir='ltr'>ad</span> <span class='ocrx_word' id='word_1_249' title='bbox 320 2724 400 2775; x_wconf 87' lang='lat' dir='ltr'>lucem</span> <span class='ocrx_word' id='word_1_250' title='bbox 419 2733 511 2773; x_wconf 86' lang='lat' dir='ltr'>tenere.</span> <span class='ocrx_word' id='word_1_251' title='bbox 536 2723 658 2791; x_wconf 86' lang='lat' dir='ltr'>reliquum</span> <span class='ocrx_word' id='word_1_252' title='bbox 676 2719 753 2769; x_wconf 64' lang='lat' dir='ltr'>noblis</span> <span class='ocrx_word' id='word_1_253' title='bbox 773 2719 835 2771; x_wconf 71' lang='lat' dir='ltr'>adeo</span> 
     </span>
     <span class='ocr_line' id='line_1_35' title="bbox 90 2797 910 2864; baseline -0.002 -16"><span class='ocrx_word' id='word_1_254' title='bbox 90 2801 220 2864; x_wconf 81' lang='lat' dir='ltr'>tranquilla</span> <span class='ocrx_word' id='word_1_255' title='bbox 236 2802 321 2850; x_wconf 89' lang='lat' dir='ltr'>omnia</span> <span class='ocrx_word' id='word_1_256' title='bbox 339 2800 365 2849; x_wconf 89' lang='lat' dir='ltr'>in</span> <span class='ocrx_word' id='word_1_257' title='bbox 388 2799 468 2849; x_wconf 87' lang='lat' dir='ltr'>callris</span> <span class='ocrx_word' id='word_1_258' title='bbox 486 2799 562 2863; x_wconf 88' lang='lat' dir='ltr'>suere,</span> <span class='ocrx_word' id='word_1_259' title='bbox 587 2808 615 2848; x_wconf 95' lang='lat' dir='ltr'>ut</span> <span class='ocrx_word' id='word_1_260' title='bbox 635 2797 714 2847; x_wconf 88' lang='lat' dir='ltr'>somni</span> <span class='ocrx_word' id='word_1_261' title='bbox 734 2810 836 2862; x_wconf 81' lang='lat' dir='ltr'>quoque</span> <span class='ocrx_word' id='word_1_262' title='bbox 906 2802 910 2812; x_wconf 91' lang='lat'>&#39;</span> 
     </span>
     <span class='ocr_line' id='line_1_36' title="bbox 20 2874 836 2944; baseline -0.006 -19"><span class='ocrx_word' id='word_1_263' title='bbox 20 2916 25 2925; x_wconf 89' lang='lat'>.</span> <span class='ocrx_word' id='word_1_264' title='bbox 91 2878 208 2932; x_wconf 76' lang='lat' dir='ltr'>Romanis</span> <span class='ocrx_word' id='word_1_265' title='bbox 219 2878 292 2944; x_wconf 85' lang='lat' dir='ltr'>copia</span> <span class='ocrx_word' id='word_1_266' title='bbox 308 2875 373 2925; x_wconf 81' lang='lat' dir='ltr'>esset.</span> <span class='ocrx_word' id='word_1_267' title='bbox 408 2874 511 2924; x_wconf 86' lang='lat' dir='ltr'>Volscos</span> <span class='ocrx_word' id='word_1_268' title='bbox 528 2875 618 2940; x_wconf 82' lang='lat' dir='ltr'>species</span> <span class='ocrx_word' id='word_1_269' title='bbox 628 2883 777 2922; x_wconf 81' lang='lat' dir='ltr'>armatorum</span> <span class='ocrx_word' id='word_1_270' title='bbox 788 2888 836 2940; x_wconf 66' lang='lat' dir='ltr'>pe-</span> 
     </span>
     <span class='ocr_line' id='line_1_37' title="bbox 89 2950 836 3023; baseline -0.007 -19"><span class='ocrx_word' id='word_1_271' title='bbox 89 2951 179 3020; x_wconf 72' lang='lat' dir='ltr'>ditum,</span> <span class='ocrx_word' id='word_1_272' title='bbox 196 2970 257 3022; x_wconf 82' lang='lat' dir='ltr'>quot</span> <span class='ocrx_word' id='word_1_273' title='bbox 271 2956 297 3006; x_wconf 76' lang='lat' dir='ltr'>dr</span> <span class='ocrx_word' id='word_1_274' title='bbox 308 2954 389 3023; x_wconf 85' lang='lat' dir='ltr'>plures</span> <span class='ocrx_word' id='word_1_275' title='bbox 398 2950 454 3016; x_wconf 83' lang='lat' dir='ltr'>else,</span> <span class='ocrx_word' id='word_1_276' title='bbox 470 2951 495 3002; x_wconf 79' lang='lat' dir='ltr'>dc</span> <span class='ocrx_word' id='word_1_277' title='bbox 506 2955 632 3002; x_wconf 80' lang='lat' dir='ltr'>Romanos</span> <span class='ocrx_word' id='word_1_278' title='bbox 643 2950 770 3019; x_wconf 82' lang='lat' dir='ltr'>putabant,</span> <span class='ocrx_word' id='word_1_279' title='bbox 782 2950 836 3000; x_wconf 73' lang='lat' dir='ltr'>fre·</span> 
     </span>
    </p>

    <p class='ocr_par' dir='ltr' id='par_1_11' title="bbox 756 3025 838 3084">
     <span class='ocr_line' id='line_1_38' title="bbox 756 3025 838 3084; baseline 0.073 -6"><span class='ocrx_word' id='word_1_280' title='bbox 756 3025 838 3084; x_wconf 66' lang='lat' dir='ltr'>mitut</span> 
     </span>
    </p>
   </div>
   <div class='ocr_carea' id='block_1_11' title="bbox 0 0 986 3660">
    <p class='ocr_par' dir='ltr' id='par_1_12' title="bbox 0 0 986 3660">
     <span class='ocr_line' id='line_1_39' title="bbox 0 0 986 3660; baseline 0 1"><span class='ocrx_word' id='word_1_281' title='bbox 0 0 986 3660; x_wconf 95' lang='lat' dir='ltr'> </span> 
     </span>
    </p>
   </div>
  </div>
 </body>
</html>
