1964 3660
372 185 540 240 ntur-:u
573 188 608 238 V.
685 250 688 254 Α
782 179 870 250 '32'3

64 320 67 347 ‚
124 264 221 346 'quirin
237 258 359 344 diffipatos
370 291 404 328 ex
413 289 524 328 arceant
536 275 662 345 Capitolio
679 277 783 346 impetus
794 278 874 342 fieret)

64 399 66 410 ,
129 349 213 420 dilapsi
224 351 256 403 ad
267 353 373 421 praedam
387 355 473 405 vacuis
484 353 588 405 occursu
598 354 728 406 hominurn
745 357 801 420 viis,
818 370 874 424 pan
916 384 917 389 =

64 430 68 465 t
129 427 155 477 in
166 431 282 496 proxima
293 447 394 499 quaeque
414 432 534 483 tritorum
551 432 649 497 agmine
661 443 752 494 ruunt;
769 449 824 500 pars
835 434 872 483 ul·

64 476 77 633 p
129 507 198 573 tima,
209 509 280 578 uelut
291 523 320 560 ea
330 510 431 561 demum
440 511 530 561 intacta
541 510 566 561 u
577 509 666 560 referta
677 511 764 578 praedd,
777 521 875 579 petunt.

127 583 186 634 inde
201 585 282 638 rursus
299 589 351 656 ipsi
362 587 493 639 solitudine
504 588 630 652 absterriti,
647 603 678 639 ue
690 604 738 655 qua
750 588 816 640 fraus
828 591 875 642 ho·

128 660 186 711 nilis
197 679 276 729 vagos
287 666 421 735 exciperet,
437 666 464 716 in
477 666 561 716 forum
572 680 601 714 ac
618 664 756 731 propinqua
768 665 824 716 soro
836 667 874 719 lo-

128 751 157 788 ca
169 741 311 806 conglobati
322 742 448 792 redibant.
466 742 510 792 ubi
529 757 578 805 eos,
596 738 673 808 plebis
686 743 794 793 aediticiis
805 743 875 794 obse-

84 790 95 853 ἶ
118 816 194 880 'ratim
210 819 350 884 patentibus
369 819 437 885 atriis
456 807 604 885 principum,
622 818 702 880 major
720 824 798 887 propt?
814 835 875 870 cun-

87 886 202 961 1,flauo
221 897 320 947 tenebat
336 906 428 966 aperta,
446 901 519 960 quam
538 895 627 959 clausa,
644 897 786 949 invadendi
810 898 877 949 adeo-

64 986 122 1075 „J
120 965 193 1020 haud
204 971 270 1024 secus
282 981 355 1056 quam
375 972 545 1024 venerabundi
562 973 747 1024 intuebantur
740 990 767 1024 nr
783 976 873 1025 aedium

117 1046 250 1098 vestibulis
262 1040 373 1101 seden'tes
383 1051 459 1114 viros,
477 1060 564 1116 prater
581 1059 696 1099 oruattun
711 1050 874 1116 habitumque

115 1121 237 1199 jhum'ano
256 1127 428 1196 augustiorem,
452 1126 578 1188 majestate
597 1127 679 1191 etiam,
700 1142 773 1192 quam
789 1127 875 1177 vultus

117 1202 347 1269 'gravitasqueo'ris
361 1220 411 1272 prae
425 1203 449 1253 se
466 1203 570 1268 ferebat,
587 1202 797 1255 fimillimosDiia.
828 1204 874 1257 nd
945 1212 947 1217 “

116 1289 169 1330 'tot
188 1273 258 1331 velut
274 1281 400 1332 limulacra
416 1280 479 1331 verli
496 1297 573 1349 quum
584 1281 681 1348 starent,
699 1286 738 1333 M.
757 1284 873 1352 Papirius

125 1373 189 1408 unus
201 1373 233 1409 ex
244 1359 281 1410 his
290 1361 380 1411 dicitur
391 1359 473 1424 Gallo,
484 1358 587 1410 barbam
598 1358 674 1424 suam,
690 1371 719 1410 ut
731 1371 785 1413 tum
793 1360 874 1413 omni·

126 1433 173 1484 bus
191 1435 307 1502 promiss'a
324 1448 384 1501 erat,
401 1436 571 1504 permulcenti,
589 1437 698 1505 scipione
717 1436 826 1489 eburneo
845 1437 875 1491 iu

116 1512 199 1580 'caput
211 1515 324 1569 incullo'
319 1531 380 1565 nam
391 1515 511 1576 moville3
527 1525 601 1581 atque
612 1516 644 1566 ab
661 1530 692 1564 eo
709 1515 807 1566 initium
825 1533 871 1569 εκ·

123 1589 160 1641 dis
172 1602 265 1664 ortum,
276 1603 369 1644 ceteros
381 1590 513 1642 insedibus
525 1590 573 1640 suis
585 1591 728 1642 trucidatos.
741 1593 871 1660 Postprin·

124 1669 209 1736 cipum
219 1659 311 1718 cadem
322 1668 384 1717 nulli
402 1665 492 1716 deiude
500 1667 642 1716 mortalium
653 1668 730 1735 parci,
747 1668 821 1738 diripi
833 1681 870 1722 te·

123 1742 170 1807 lla,
187 1744 327 1797 exhaustis
320 1760 390 1807 rnjrct
400 1755 478 1808 ignes
572 1756 577 1766 “

116 1824 122 1831 ’
157 1820 387 1883 XL11.cet'erum,
413 1819 782 1872 sennonomnibusdelendae
801 1821 870 1874 urbis

122 1896 201 1946 libido
213 1907 273 1961 erat,
290 1897 379 1947 fenita
390 1898 515 1964 placuerat
525 1897 677 1964 principibus
688 1899 826 1964 Gallorum,
843 1901 870 1954 dt

123 1975 237 2026 ostentari
255 1974 366 2040 quadam
385 1973 496 2025 incendia
515 1973 614 2024 terroris
630 1975 709 2039 causi,
726 1975 870 2044 srcompelli·

121 2051 154 2104 ad
165 2051 316 2103 deditionem
327 2052 428 2104 caritate
445 2050 539 2102 sedium
550 2049 648 2099 suerum
663 2048 748 2100 obsessi
759 2049 868 2116 pollente
905 2079 909 2084 -

111 2131 148 2182 ’ἃ
159 2147 210 2182 ιιοιι
222 2131 305 2181 omnia
315 2131 467 2181 concremari
479 2128 550 2192 tella,
560 2138 597 2191 ut,
608 2125 772 2194 quodcunque
783 2127 868 2196 supen-

121 2207 179 2259 effet
191 2207 267 2272 urbis,
284 2206 309 2258 id
320 2209 408 2276 pignus
419 2206 450 2256 ad
461 2204 593 2257 fleuendos
603 2204 709 2254 hollium
721 2206 816 2256 animos
827 2206 871 2256 ha·

114 2286 220 2346 berent;
237 2300 392 2352 nequaquam
408 2284 511 2353 perinde
521 2294 596 2349 atque
616 2283 642 2332 in
654 2292 726 2351 capta
741 2283 804 2333 urbe
814 2284 866 2352 pri·

111 2363 159 2414 md
167 2363 208 2416 die
216 2373 260 2413 aut
271 2362 354 2430 parlim
362 2373 405 2413 aut
418 2364 467 2414 latd
478 2371 582 2426 vagatus
593 2360 626 2410 est
641 2360 714 2424 ignis.
748 2361 865 2428 Romani,

118 2455 153 2491 ex
171 2456 227 2490 arce
247 2441 344 2507 plenam
362 2441 467 2491 hollium
483 2441 571 2490 urbem
586 2449 722 2502 cernentes,
737 2438 866 2506 vagosque
904 2488 909 2493 .

118 2534 164 2587 per
174 2519 228 2568 vias
238 2533 324 2567 omnen
335 2518 426 2582 cursus,
443 2533 519 2585 quum
530 2517 577 2566 alit
593 2527 667 2582 atque
678 2518 727 2567 alid
737 2527 807 2584 parte
817 2532 865 2568 no·

114 2595 152 2647 ‘va'
164 2596 245 2660 aliqua
259 2594 338 2644 clades
355 2594 468 2657 oriretur,
484 2609 535 2644 non
552 2594 676 2644 mentibus
688 2593 767 2644 solum
785 2593 864 2644 confi.

116 2688 184 2742 pere,
198 2670 242 2722 sed
253 2686 285 2720 ne
300 2670 399 2720 auribus
411 2669 511 2734 quidem
521 2680 595 2735 atque
606 2669 684 2719 oculis
701 2667 757 2720 satis
769 2667 866 2718 consta·

112 2750 144 2803 ’re
156 2758 277 2818 poterant.
295 2754 297 2758 ’
313 2753 469 2815 Quocunque
488 2749 582 2798 clamor
600 2747 713 2810 hostium,
731 2745 864 2799 mulierum

114 2827 297 2896 'puerorumque
315 2826 431 2892 ploratus,
448 2821 544 2875 sonitus
557 2825 671 2888 flammae,
689 2825 714 2874 u
725 2822 810 2888 fragor
820 2838 864 2875 ru-

115 2905 210 2956 entium
227 2903 349 2954 tetrorum
368 2900 500 2965 avertisset,
517 2911 634 2968 paventes
650 2900 791 2965 adomnia,
807 2901 862 2951 aui·

113 2992 170 3036 tuos
178 2980 305 3048 oraque&
316 2977 402 3035 aetum
411 2976 550 3046 uouebant,
567 2976 683 3032 velutad
697 2976 868 3048 spectaculum

64 3072 66 3076 ·
785 3053 862 3110 alor-
951 3066 953 3072 ·
