1964 3660
355 199 528 249 LIBER-
559 200 608 248 Vs.
810 213 857 258 35¹3

149 286 211 336 ΧΗ.
229 285 350 350 Dissator,
367 287 409 336 'etsi
421 287 540 349 majorem
552 284 738 336 dimicationem
750 283 862 352 proposs-

117 371 168 411 tum
180 363 256 426 domi,
274 368 349 428 quim
360 363 428 426 soris,
446 364 577 423 cernebat;
595 373 685 426 tamen,
704 360 812 426 seuquia
822 375 863 410 ce·

115 439 212 488 leritate
223 439 254 488 ad
268 440 357 488 bellum
367 455 430 506 opus
441 450 501 501 erat,
519 438 560 489 scu
569 437 674 493 villosis
686 438 863 504 triumphoque

116 514 242 564 dictatum
253 516 296 583 ipss
307 518 372 565 vires
389 514 414 564 se
427 516 568 565 additurum
578 526 652 578 ratus,
670 514 763 564 deletlu
775 515 863 563 habito

116 593 143 642 in
162 608 250 656 agrum
269 595 433 661 Pomptinum,
452 598 503 659 quo
522 594 646 643 &Volscis
667 594 803 643 exercitum
824 594 862 641 in-

113 669 210 720 dislum
225 670 343 732 audierat,
361 674 450 738 pergit.
485 675 544 720 Non
555 670 650 734 dubito,
668 683 754 738 praeter
766 670 863 719 satieta-

114 758 176 812 tem,
192 757 231 797 tot
240 749 291 812 jam
302 751 370 799 libris
387 749 477 799 assidua
487 749 551 798 bella
563 765 619 798 erun
638 749 734 798 Volscis
751 749 815 812 gella
827 749 862 796 le-

72 861 76 870 .
115 828 229 890 gentibus
244 828 302 877 illud
320 843 418 897 quoque
439 825 616 888 succursurum,
633 825 709 890 (quod
728 827 789 895 mihi
806 841 862 890 per-

116 905 229 953 censenti.
241 906 368 973 propiores
385 904 537 970 temporibus
549 903 635 951 harum
654 909 735 950 rerum
753 900 863 950 austeres

115 981 235 1044 miraculo
246 981 309 1043 suit)·
319 980 384 1030 unde
394 980 468 1029 toties
480 978 551 1028 vistis
567 977 662 1028 Volscis
678 978 702 1027 8<
716 978 800 1042 AEquis
812 976 864 1025 sust

115 1055 220 1106 secerint
230 1056 328 1106 milites.
345 1056 502 1122 quod-quum
517 1055 549 1102 ab
565 1054 788 1119 antiquis-tacitum
799 1067 862 1117 prae7

115 1131 296 1197 tenuissumque
308 1133 349 1192 lit;
367 1132 438 1194 cujus
447 1130 547 1180 tandem
559 1145 606 1194 ego
617 1131 653 1179 rei
665 1140 752 1196 praeter
763 1129 862 1194 opinio·

116 1222 180 1272 nem,
198 1225 253 1274 quae
268 1208 311 1258 sua
331 1210 418 1274 cuique
438 1205 586 1272 conjectanti
608 1207 654 1255 esse
674 1207 761 1272 potest,
778 1203 864 1272 auslor

114 1285 179 1335 sim?
213 1286 296 1335 Simile
307 1287 360 1336 veri
380 1287 421 1351 esi,
438 1298 481 1336 aut
500 1286 635 1334 intervallis
655 1283 784 1346 bellorum,
802 1282 864 1332 sieut

60 1357 61 1362 ¹
115 1377 181 1412 nunc
194 1364 219 1412 in
237 1362 367 1412 deleslibus
379 1363 407 1412 sit
427 1363 552 1426 Romanis,
569 1363 617 1411 alis
630 1372 703 1426 atque
716 1360 764 1430 alis
777 1359 863 1408 sobole

114 1438 242 1502 juniorum
262 1439 293 1488 ad
312 1439 376 1488 bellis
393 1437 545 1486 instauranda
563 1439 635 1487 toties
655 1435 711 1486 usos
730 1435 795 1485 esse:
820 1445 863 1489 aut

115 1529 167 1564 non
178 1529 210 1563 ex
223 1514 308 1578 iisdem
318 1513 413 1581 semper
424 1514 520 1580 populis
533 1516 654 1563 exercitus
663 1513 775 1579 scriptos,
786 1527 862 1576 quan·
926 1572 930 1578 Ι

117 1609 191 1658 quam
208 1593 293 1642 eadem
305 1591 399 1656 semper
413 1607 471 1654 gens
486 1591 576 1640 bellum
589 1591 717 1639 intulerit:
735 1600 779 1637 aut
790 1590 862 1637 innu-

115 1670 258 1719 merabilem
269 1666 594 1717 multitudinem-liberorum
604 1668 712 1731 capitum
723 1666 748 1715 in
757 1666 791 1713 eis
803 1663 862 1714 suist

115 1747 142 1796 se
153 1747 222 1806 locis,
240 1759 294 1809 quae
308 1759 390 1810 nune,
400 1745 446 1807 virt
458 1743 590 1792 seminario
600 1743 694 1806 exiguo
705 1743 813 1791 militum
825 1754 862 1790 re·

116 1819 182 1881 litto,
200 1819 300 1875 servitia
320 1821 433 1884 Romans
449 1820 482 1868 ab
500 1816 631 1867 solitudine
648 1817 785 1869 vindicant,
820 1818 862 1868 Ins

116 1896 260 1959 gensteertd,
271 1892 348 1957 (quod
355 1895 423 1943 ⁴inter
434 1909 519 1944 omnes
531 1892 640 1942 auctores
649 1895 776 1958 convenit)
786 1907 863 1957 quan·

86 1970 93 1979 “
116 1985 192 2035 quam
203 1984 282 2035 nuper
294 1969 391 2018 Camilli
402 1967 475 2019 dustu
486 1979 561 2034 atque
572 1967 682 2034 auspicio
693 1969 777 2021 acciso
788 1983 827 2024 res
837 1976 863 2016 ei

114 2057 178 2109 rant,
197 2035 477 2095 Volscorum'exescims
491 2044 549 2093 fuit.
566 2042 658 2094 adhoc
671 2045 757 2094 Latini
772 2041 862 2092 Herm*

115 2125 187 2190 cique
204 2121 357 2187 accesserant,
375 2124 400 2175 dc
418 2122 591 2188 Circeiensium
611 2121 718 2189 quidam,
737 2123 761 2172 ἃ
779 2118 863 2170 coloni

115 2203 190 2250 etiam
200 2207 214 2250 ὲ
226 2200 328 2250 Velitris
340 2203 456 2252 Romani.
491 2199 613 2264 Distator,
631 2199 712 2249 callris
723 2214 753 2249 eo
765 2197 804 2249 die
815 2212 862 2266 po.-

114 2279 171 2342 srtis,
190 2277 285 2344 postero
297 2291 372 2344 quum
384 2279 510 2346 auspicato
523 2275 647 2346 prodisset,
665 2277 790 2344 bellisque
802 2275 863 2349 caesd

114 2371 201 2421 pacem
216 2355 298 2404 Derim
312 2346 438 2419 ad'ordsset,
456 2355 564 2405 laetusad
574 2355 673 2418 milites,
689 2356 741 2418 jam
753 2370 820 2404 arrrra
830 2351 862 2405 ad

114 2429 269 2495 propositum
288 2445 376 2494 pugnae
396 2431 498 2494 fignum,
516 2432 577 2481 sieut
595 2430 705 2488 edietum,
721 2440 781 2492 erat,
806 2429 862 2478 luce
944 2466 946 2473 .

114 2505 193 2572 primi
204 2506 334 2569 capientes,
351 2506 480 2571 processit:
499 2507 585 2570 Nostra
603 2507 698 2555 vilioris
717 2505 755 2568 est,
773 2505 861 2567 milites,

114 2581 203 2645 inquit,
215 2579 236 2642 st
247 2579 296 2644 quid
306 2581 350 2628 Dii
364 2582 464 2646 vatesque
475 2597 548 2630 eorum
560 2583 582 2630 iu
587 2581 691 2645 futurum
707 2583 793 2629 vident.
817 2581 860 2628 ita·

114 2675 160 2726 que,
178 2667 202 2706 ut
212 2657 271 2706 decet
281 2667 341 2706 certe
349 2659 398 2724 spei
407 2658 487 2723 plenos,
505 2660 532 2709 dr
543 2674 591 2707 eum
599 2657 717 2724 imparibus
728 2672 802 2705 memo
812 2671 861 2705 eun-

108 2740 213 2803 serturos,
228 2736 280 2800 pisis
298 2743 347 2783 unte
361 2737 426 2800 pedes
442 2735 525 2801 positis,
537 2737 618 2802 gladiis
631 2741 716 2791 tautum
726 2736 811 2784 dextras
822 2751 860 2784 ar·
934 2736 942 2745 ‘

51 2851 53 2856 ¹
114 2831 213 2884 memus:
230 2829 256 2861 ne
268 2815 371 2878 procurri
384 2813 467 2880 quidem
484 2814 510 2862 ab
527 2814 660 2876 acicvelim,
671 2815 712 2878 sed
726 2813 805 2877 obnisus
820 2827 861 2862 uos
925 2821 929 2828 '

109 2892 182 2956 stabili
189 2891 261 2958 gradu
277 2892 382 2956 impetum
393 2891 480 2954 hostium
497 2895 601 2961 excipere.
635 2889 680 2940 Ubi
691 2891 723 2940 ils
732 2896 793 2957 vam
804 2891 859 2953 inje-

102 2969 284 3051 .ls²s”s,msffiss‘²s
302 2969 328 3021 se
340 2967 507 3036 effufistanle'bus
518 2968 578 3022 volis
586 2970 613 3037 se
622 2968 742 3035 iusserim,
758 2977 806 3019 sum
816 2968 860 3015 mi·

114 3076 117 3081 ·
810 3051 871 3112 setis:-
