1964 3660
112 287 213 333 manere
221 284 289 336 ergo,
300 281 345 319 nec
356 265 454 317 tranire
465 267 547 333 aperte
558 259 637 325 aestu,
654 255 739 310 sensim
749 255 781 306 ad
788 267 862 306 mon«

115 363 153 405 tet
164 347 281 401 succedit.
315 343 384 408 Inde,
394 343 437 393 ubi
448 339 503 392 satis
511 337 597 391 subllie
607 335 656 389 sese
666 345 733 386 tatus
741 331 782 398 est,
791 331 865 397 erigit

116 440 198 481 totam
208 427 303 477 aciem:
326 419 490 485 fluctuansque
507 420 599 482 animo,
615 425 645 467 ut
657 421 749 466 tereret
759 412 864 478 tempus,
915 458 931 492 ·.

116 505 218 559 ordines
226 502 343 570 explicat.
377 497 511 550 confilium
521 507 580 562 erat,
589 495 638 564 qut
647 493 748 569 suna
756 503 809 542 rem
820 487 864 539 da

116 593 166 647 ret,
183 582 211 631 et
222 579 338 634 inclinare
348 578 422 627 vires.
455 574 579 625 Miraculo
589 573 670 642 primo
680 567 727 620 ess'e
737 565 867 630 Romania,

118 660 164 727 qui
178 657 288 726 proximi
304 655 426 717 steterant,
441 662 472 702 ut
488 651 575 702 nudari
595 651 670 701 latera
681 648 724 700 sua
742 646 868 698 sociorum

119 733 226 801 digressu
237 732 377 784 senscrunt:
401 728 459 792 inde
472 744 546 795 eques
556 729 632 779 citato
642 743 708 794 equo
717 725 819 777 nunciat
828 735 869 773 se-

121 813 156 877 εἰ,
166 811 233 862 abire
244 809 362 860 Albanos.
396 807 486 858 tullus
496 808 522 858 in
537 822 564 858 re
574 804 669 874 trepida
678 801 809 855 duodecim
820 814 870 850 vo-

121 892 163 940 vit
179 890 263 952 Salios,
280 887 386 953 sanaque
401 886 491 936 Pallori
507 901 536 935 ac
548 883 648 945 Pauori.
682 881 791 948 equitem
804 875 870 931 elata

122 968 251 1034 increpans
264 981 336 1027 voce,
353 974 383 1013 ut
393 963 472 1014 hostes
485 961 640 1025 exaudirent,
653 959 725 1008 redire
740 959 763 1006 ire
774 955 872 1022 prelium

119 1044 208 1111 jubet:
231 1042 285 1092 nihii
293 1041 433 1109 trepidatione
442 1052 494 1107 opus
504 1038 558 1107 effe:
572 1038 675 1107 sucjufflc
689 1033 815 1085 circumduci
825 1030 873 1083 As·

110 1117 201 1173 'ianam
211 1122 332 1184 exercitum,
349 1129 373 1170 ut
380 1119 518 1170 Fidenatium
529 1118 585 1167 cruda
594 1127 657 1184 terga
667 1113 780 1166 invadant.
805 1109 873 1166 idern

123 1200 241 1264 imperat,
257 1207 287 1246 ut
301 1197 377 1247 basias
387 1196 482 1262 equites
498 1195 592 1259 erigere
603 1193 699 1259 jubeat.
734 1189 765 1241 Id
781 1187 874 1243 fastum

124 1289 222 1338 magne
239 1274 302 1338 parti
325 1272 434 1339 peditum
453 1276 624 1323 Romanoium
639 1266 796 1337 conspeiium
814 1266 874 1316 abe·

94 1411 98 1415 .
125 1351 193 1401 untia
212 1349 303 1398 Albam
318 1349 439 1399 exercitus
456 1346 600 1415 intersepsit.
633 1347 677 1413 qui
697 1344 819 1408 viderant,
838 1341 874 1402 id,

126 1425 196 1493 quod
212 1425 244 1474 ab
261 1440 318 1489 rege
337 1425 449 1476 auditum
465 1436 525 1490 erat,
540 1426 597 1490 rati,
616 1427 646 1474 ed
656 1425 737 1475 acrius
752 1432 874 1491 pugnant.

127 1506 225 1553 Terror
239 1501 272 1552 ad
282 1503 360 1552 hostes
376 1502 458 1553 transit
468 1521 476 1552 ι
495 1503 520 1553 de
530 1502 676 1553 audiverant
686 1502 750 1552 clarit
760 1515 825 1551 voce
835 1499 875 1550 di·
939 1488 942 1493 ¹
970 1522 977 1542 ι

127 1578 209 1632 erm:
227 1580 252 1630 de
261 1596 351 1644 magna
364 1578 593 1647 monterianum,
609 1591 638 1630 ut
649 1580 692 1645 qui
704 1580 786 1630 coloni
798 1577 877 1629 additi

128 1657 249 1709 Romanis
259 1654 341 1720 essent,
353 1659 440 1707 Latine
451 1656 569 1707 sciebant.
602 1659 697 1723 Itaque,
708 1673 740 1707 ne
748 1655 830 1706 subito
841 1667 877 1709 ex

128 1733 235 1785 collibus
248 1733 351 1784 decursu
362 1735 515 1786 Albanorum
532 1735 750 1786 intercluderentur
759 1735 792 1784 ab
802 1733 876 1801 oppi·
958 1753 962 1764 ¹

129 1807 173 1872 do,
190 1818 258 1873 terga
269 1819 379 1858 vertunt.
413 1809 488 1860 Instat
498 1813 594 1874 Tullus,
605 1810 709 1877 susoque
722 1811 878 1863 Fidenatium

129 1901 217 1949 cornu,
234 1885 261 1934 in
275 1885 415 1949 Vejentem,
437 1889 518 1938 alieno
536 1904 631 1955 pavore
649 1888 794 1954 perculsum,
811 1889 878 1938 sero-

129 1963 184 2013 cior
195 1963 269 2011 redit.
300 1965 354 2010 Nee
365 1962 400 2010 illi
411 1963 487 2012 tulere
503 1966 637 2029 impetum:
653 1963 695 2014 sed
705 1965 737 2014 ab
748 1964 823 2015 effusa
838 1966 880 2016 su-

131 2055 164 2105 ga
179 2042 274 2090 flumen
290 2036 416 2100 objcsiurn
429 2044 443 2087 i
458 2048 527 2102 tergo
537 2041 643 2090 arcebat.
679 2045 739 2106 Quo
751 2043 881 2110 postquam

130 2117 191 2183 suga
206 2117 354 2169 inclinavitt
377 2116 426 2180 alii,
446 2132 514 2167 arma
527 2117 589 2168 stede
603 2118 728 2186 jactanter,
747 2121 882 2188 inaquam

132 2196 191 2246 eaeci
202 2194 320 2255 ruebant;
337 2193 386 2258 alii,
407 2194 466 2244 dum
477 2195 653 2248 cuniianturin
663 2201 729 2267 ripis,
740 2201 805 2251 inter
815 2201 881 2269 suga
962 2192 965 2204 ¹

133 2285 271 2338 pugnaeque
281 2270 408 2321 consilimn
424 2273 538 2340 oppressi.
571 2277 631 2327 Nou
642 2276 690 2326 alia
699 2281 755 2328 ante
765 2280 883 2332 Romana

133 2361 218 2414 pugna
228 2348 336 2397 atrocior
352 2349 410 2399 suit.

169 2425 296 2471 XXVIII.
314 2428 384 2475 Tum
401 2424 510 2476 Albanus
520 2431 649 2494 exercitus,
666 2431 787 2499 spectator
802 2444 883 2484 certa·

135 2497 220 2563 minis,
239 2497 356 2548 deduuus
372 2500 397 2550 in
413 2516 522 2569 campos.
565 2509 657 2573 Mettus
674 2512 753 2561 Tullo
771 2511 883 2562 devisios

136 2571 216 2623 hostes
226 2573 373 2636 granrlatur:
398 2583 486 2626 contra
502 2579 591 2630 Tullus
606 2586 714 2634 Mettum
731 2587 835 2651 benigne
847 2585 883 2635 al-

136 2648 257 2714 loquitur.
290 2651 365 2714 Quod
375 2652 438 2704 bene
453 2665 541 2720 vertat,
558 2658 632 2708 casira
643 2660 754 2712 Albanos
765 2663 884 2721 Romanis

136 2726 219 2776 castris
233 2725 336 2790 jungere
348 2728 432 2792 jubet:
459 2730 604 2784 sacrificium
616 2738 710 2787 lustrale
724 2741 749 2788 in
760 2739 826 2788 diem
838 2755 883 2804 po·

136 2803 226 2852 siecum
237 2813 315 2873 parat.
341 2805 391 2854 Ubi
401 2806 491 2869 illuxit,
508 2811 599 2873 paratis
616 2814 739 2874 omnibus,
755 2824 783 2861 ut
792 2813 884 2877 assolet,

138 2880 224 2928 vocari
233 2880 264 2930 ad
273 2881 418 2932 concionem
429 2895 561 2949 utrumque
572 2889 709 2936 exercitum
719 2888 798 2952 jubet.
824 2894 889 2944 Pre-

106 2998 110 3007 .
135 2970 220 3024 eona,
236 2958 268 3010 ab
279 2969 391 3015 extremo
401 2961 458 3039 orsi,
474 2962 567 3028 primos
577 2964 693 3018 excivere
704 2966 822 3022 tdbanos.
850 2973 888 3037 hi,

486 3040 508 3093 Β
524 3053 540 3100 5
810 3051 888 3103 novi·
