1964 3660
165 221 212 274 380
421 213 651 263 T.·L1vlr

164 301 230 367 plebi
242 301 293 350 fieri
306 300 364 368 palli
378 301 441 351 sunt.
460 303 660 368 Jamque-frustra
672 301 733 369 saepe
745 288 910 356 concilio-atl-

163 390 264 440 vocato‚
282 395 357 443 quum
374 395 419 445 pro
437 382 570 445 antiquatis
588 382 726 444 rogationes
742 378 832 443 essentq
850 385 912 432 neno

162 456 232 519 bader,
249 458 329 522 lnquit
344 459 447 520 Sextius,
464 460 628 525 quandoquidem
646 469 728 508 tanum
746 461 910 526 interceffloecm
949 492 952 497 -

161 533 242 600 pollere
253 533 331 598 placet.
349 535 387 597 isto
404 537 448 601 ipso
464 536 505 584 telo
522 537 640 585 tutubirnur
654 536 746 602 plebem.
781 539 910 605 Agitedom,

163 610 250 658 comitia
266 610 360 673 indicite,
379 614 464 675 poreq
481 613 570 662 tribunis
581 614 675 661 militum
685 613 790 680 creandis:
804 615 870 677 facco,
886 627 912 661 ne

158 687 228 750 juver
240 703 283 737 unt
294 689 344 752 isla,
361 695 385 738 V
394 704 434 738 ur
441 707 465 752 o,
481 695 521 756 quil
533 707 585 740 nunt
595 691 722 740 concinentes
732 691 824 758 collegas
834 691 911 754 nostroe

164 773 212 813 tam
223 765 263 813 leti
274 767 360 816 auditis.
393 769 468 827 Haud
479 769 553 817 irritae
570 767 679 817 cecidere
693 767 781 816 minae:
800 768 910 832 comitia,

164 853 252 909 praetcr
269 844 374 894 aedilium
390 848 595 911 tribunorumque
613 846 699 912 plebis,
716 846 783 893 nulla
801 845 856 894 sunt
868 847 911 894 hm

164 916 227 965 bita.
262 919 372 969 Licinius
385 919 536 984 sextiusque,
554 921 646 970 tribuni
659 919 735 985 plebis
746 919 839 983 refelli,
857 921 911 969 nul·

165 996 203 1045 los
215 998 312 1046 curules
326 999 478 1062 magistratus
490 1000 565 1048 creari
584 998 641 1064 palli
652 996 717 1046 sunt.
736 1013 814 1061 eaque
826 996 910 1046 solitu·

167 1073 200 1122 do
212 1074 404 1138 magistratuum,
422 1076 530 1141 &plebe
541 1073 665 1123 reficiente
676 1072 738 1122 duos
752 1074 874 1136 tribunos,
885 1074 911 1122 er

166 1151 204 1200 his
216 1153 317 1201 comitio
328 1154 483 1202 tribunorum
499 1153 605 1202 rnilitum
617 1151 768 1216 inuentibus,
785 1166 829 1218 per
840 1152 911 1217 quiu-

167 1229 303 1292 quennium
315 1229 401 1277 urbem
413 1230 501 1278 tenuit.

201 1310 326 1356 XXXVI.
345 1307 402 1355 Alia
412 1306 476 1356 bella
487 1309 626 1374 opportune
638 1306 773 1371 quievere:
791 1304 912 1370 Veliterni

168 1381 259 1444 coloni,
278 1383 403 1446 gestientes
412 1385 474 1447 orio,
492 1381 557 1448 quod
566 1383 644 1431 nullus
655 1381 776 1431 exercitus
788 1385 915 1430 Romanue

168 1457 234 1518 esset,
252 1461 277 1508 bc
294 1475 381 1524 agrum
395 1463 536 1508 Romanum
556 1459 689 1522 aliquotiec
705 1457 871 1519 incursavere,
888 1456 914 1515 be

169 1518 306 1584 Tusculum
318 1551 468 1602 oppugnare·
479 1535 563 1584 adorti·
577 1533 640 1583 sunt.
659 1548 736 1599 eaque
750 1548 795 1597 ree,
814 1533 912 1587 Tuscu-

167 1612 229 1660 lanis
242 1613 367 1661 veteribus
376 1611 456 1675 sociiq
474 1612 547 1662 novis
563 1611 670 1673 civibus,
688 1625 763 1677 opem
777 1611 914 1672 orantibun

168 1687 318 1737 verecundi&
328 1688 437 1739 maxime
455 1703 507 1738 non
523 1689 605 1735 Patres
622 1685 706 1749 modo,
723 1684 764 1735 sed
776 1686 850 1735 etiam
862 1687 914 1751 ple-

168 1762 234 1826 bem,
252 1767 343 1818 movit,
378 1764 569 1815 Remittentibus
586 1763 690 1814 tribunis
709 1763 795 1829 plebis,
812 1763 916 1816 comitio

169 1851 217 1906 per
224 1842 370 1906 interregem
382 1840 440 1892 sunt
449 1841 549 1900 habitu
567 1840 691 1904 erenuque
704 1837 916 1891 tribuni-militum

169 1919 202 1967 L.
216 1921 310 1982 Furitu,
328 1926 359 1970 A.
373 1919 489 1982 Manlius,
506 1923 555 1967 Ser.
569 1917 697 1983 Sulpicius,
714 1921 763 1965 ser.
777 1915 916 1977 cornelius,

171 1994 199 2044 Ρ.
212 1995 237 2045 ἃ
250 2000 279 2045 C.
292 1997 393 2059 Valerii,
410 1995 600 2061 haudquaquam
610 2004 662 2043 tam
672 1991 826 2043 obedientem
839 1992 865 2041 in
873 1991 917 2041 de·

172 2071 243 2133 lellu,
261 2078 334 2136 quim
346 2075 373 2122 in
392 2074 508 2136 comitiis,
525 2072 621 2139 plebem
632 2070 754 2119 habuere:
772 2069 918 2134 ingentique

171 2150 330 2199 contentione
341 2153 451 2204 exercitu
465 2149 556 2216 scripto
568 2147 678 2216 prolelli
695 2161 749 2198 non
759 2147 792 2196 ab
804 2146 917 2196 Tusculo

171 2225 248 2274 modo
260 2226 413 2278 summovere
425 2227 526 2291 hollem,
536 2226 576 2277 sed
587 2228 652 2276 intra
663 2225 757 2276 suamet
767 2224 848 2290 ipsum
859 2242 918 2276 mee·

172 2302 213 2349 nia
224 2304 372 2367 compulere.
390 2303 610 2368 obfidebanturque
621 2303 686 2353 baud
696 2303 771 2368 paulo
782 2302 809 2350 vi
821 2303 918 2366 majore

172 2378 281 2442 Velitrae,
299 2387 375 2445 quim
383 2381 520 2430 Tusculum
531 2379 757 2431 obsessumfuerat:
775 2394 820 2429 nec
832 2390 917 2430 tamen

172 2455 258 2519 abeis,
275 2461 290 2505 ὲ
302 2459 391 2521 quibus
409 2457 511 2507 obfideri
524 2468 609 2525 cmptae
620 2467 697 2519 erant,
713 2457 853 2522 expugnari
870 2473 915 2524 pm

173 2545 250 2581 ruere.
286 2537 350 2583 Ante
361 2537 422 2585 novi
434 2537 508 2586 creati
520 2535 575 2585 sunt
586 2535 678 2584 tribuni
689 2533 803 2595 militum,
817 2537 851 2597 Q.
864 2538 918 2583 Ser-

173 2609 255 2669 vilius,
275 2613 304 2658 C.
321 2612 445 2672 Veturius,
464 2616 495 2659 Α.
506 2613 578 2661 &M.
593 2612 711 2671 Cornelii,
729 2614 762 2674 Q.
780 2608 916 2672 Quinlliuq

173 2690 213 2736 M.
226 2687 324 2736 Fabius.
338 2689 403 2736 nihil
414 2703 445 2736 ne
456 2689 488 2737 ab
500 2689 536 2736 his
549 2687 647 2753 quidem
656 2689 760 2737 tribunis
770 2687 801 2736 ad
812 2688 917 2742 Velitras

173 2765 333 2813 memorabile
344 2764 443 2815 sallum.
479 2768 508 2815 ln
525 2767 618 2829 majore
638 2766 777 2815 discrimine
793 2762 863 2813 domi
880 2779 916 2814 ree

174 2843 349 2892 vertebantur:
367 2859 424 2892 narn
441 2854 528 2909 praeter
545 2844 654 2895 Sextium
670 2843 842 2907 Liciniumque
854 2843 917 2892 lato·

174 2930 213 2974 res
227 2916 316 2979 legum,
332 2917 384 2979 jam
401 2916 516 2966 ollavdm
528 2918 640 2968 tribunos
654 2919 731 2985 plebis
743 2917 854 2979 resectos,
871 2919 917 2970 Fa-

175 2991 230 3053 bius
242 3009 341 3063 quoquc
352 2995 589 3064 tribunusmilitum,
606 2997 711 3057 Stolonis
719 2995 918 3113 socerpqutanun

160 3080 170 3120 ,Δ
843 3072 925 3132 ψῃ
