1964 3660
173 230 222 288 242
432 215 468 277 T.
503 224 660 277 Ltvtt

170 310 308 376 justitium:
327 325 407 378 neque
426 312 493 363 aliud
513 315 567 363 tota
585 315 647 364 urbe
665 315 714 380 agi,
732 322 806 385 quam
826 317 919 372 beilum

172 391 303 456 apparari:
326 391 437 456 cognitio
460 391 604 442 vacantium
625 394 720 444 militia
741 412 843 446 munere
865 399 921 466 post

172 467 265 519 bellum
280 469 399 521 differtur.
423 469 538 520 indubii
549 486 649 538 quoque
664 474 783 529 inclinant
794 475 826 526 ad
837 477 920 527 nomi·

171 560 204 596 na
215 543 304 599 danda'.
328 549 353 600 tit
365 549 477 599 Hernicis
492 538 636 616 Latinisque
646 552 736 602 milites
747 553 869 620 ἰιιιρίιιιὶχ
890 569 920 605 ιι·

171 625 270 690 trinque
282 626 355 677 enixe
366 626 495 676 obeditum
509 624 623 677 dinatori
635 629 677 678 est.

206 704 320 753 XXVII
339 707 398 754 Haee
418 705 501 754 omnia
519 703 657 754 celeritate
653 706 756 772 ingenti
772 705 845 755 aaa:
862 706 921 756 teli·

171 776 260 847 {ioque
274 785 304 832 C.
316 784 385 848 Julio
396 782 496 834 consule
506 782 538 833 ad
552 783 688 849 praefidium
699 784 775 849 urbis,
792 783 817 834 aa
830 786 861 834 L
873 788 919 850 Ju-

171 854 208 908 lio
218 859 334 924 magistro
345 859 457 926 equitum
468 858 499 909 ad
510 858 590 910 subita
601 860 659 909 belii
670 861 810 925 ministeria,
827 876 859 910 ne
870 876 919 927 qna

139 922 147 940 ’
171 946 218 999 tes,
232 937 285 1002 qui
298 937 434 1002 eguiffent'
428 954 454 987 in
465 936 555 1000 castris,
566 949 712 1002 moraretur,
729 938 841 1000 ditiaton
856 954 918 1006 prae·

169 1025 245 1065 eunte
265 1021 297 1065 A.
317 1017 433 1068 Cornelio
450 1016 569 1083 pontifice
587 1019 708 1082 maximo,
726 1016 798 1067 ludos
813 1030 918 1081 magnos

171 1093 291 1143 tumultbs
310 1095 383 1150 causa
398 1094 489 1143 vovit:
506 1092 678 1160 profestusqne
697 1094 729 1144 ab
748 1095 819 1158 urbe,
836 1094 918 1144 diviso

171 1186 229 1222 cum
247 1170 365 1234 Quintio
385 1170 485 1222 consule
503 1173 623 1235 exercitu,
646 1173 678 1222 ad
697 1174 777 1223 hostes
793 1172 916 1240 pervenit.

171 1245 239 1298 Sicut
249 1249 308 1297 bina
319 1248 395 1298 castra
405 1247 520 1312 hostium,
537 1264 618 1315 parvo
629 1249 693 1299 inter
704 1250 727 1300 se
738 1252 818 1318 spatio
829 1250 919 1300 distan-

136 1359 137 1362 ,
171 1327 214 1388 tia,
232 1326 353 1388 viderant,
372 1326 415 1393 ipsi
427 1340 527 1393 quoque
543 1327 610 1377 mille
621 1327 697 1378 ferme
708 1329 786 1396 paffus
798 1330 830 1378 ab
842 1328 918 1391 hoste,

170 1403 276 1454 distator
286 1402 406 1467 Tusculo,
423 1404 509 1454 consul
527 1405 652 1469 Lanuvio,
671 1408 815 1472 propiorem
834 1406 919 1457 lotum

170 1481 251 1532 eastris
260 1490 386 1548 ceperunt
422 1483 461 1530 Ita
478 1491 585 1548 quatuor
601 1484 732 1545 exercitus,
745 1482 850 1533 totidem
861 1499 918 1532 mu·

170 1559 287 1622 nimenta,
299 1558 446 1626 planitiem
439 1573 467 1608 ιιι
475 1556 568 1623 medio,
584 1572 635 1608 non
645 1559 729 1626 parvis
739 1559 816 1609 modo
827 1573 917 1609 exaur-

58 1679 67 1696 Χ
169 1636 278 1687 tionibus
289 1636 320 1687 ad
331 1637 425 1705 proelia,
441 1635 535 1686 sedvel
552 1634 583 1687 ad
594 1635 752 1714 explicandas
763 1638 879 1702 utrinqne
890 1652 918 1687 a·

169 1715 221 1766 cies
233 1714 289 1765 satis
301 1725 435 1783 patentem,
452 1713 585 1765 habebant.
608 1728 662 1778 nee,
679 1729 713 1764 ex
724 1729 775 1780 qno
787 1714 867 1763 castris
879 1730 921 1763 ca

169 1782 217 1844 {ira
229 1792 318 1843 collata
329 1792 392 1858 sunt,
410 1791 526 1844 cessatum
536 1798 551 1843 ὲ
562 1791 660 1843 levibus
676 1793 766 1861 proeliis
778 1793 830 1854 ost3
823 1790 920 1842 facile

169 1873 280 1941 patiente
297 1869 424 1936 distinere,
447 1869 599 1928 consciendo
619 1870 686 1920 vires
710 1869 778 1939 spem
796 1868 920 1927 universa

170 1947 291 2014 tiberiae,
313 1957 421 2000 tentato·
422 1948 548 2016 paulatim
568 1958 661 1998 eventu
672 1949 844 2010 certaminum
862 1945 919 1997 snos

170 2025 533 2103 pracipere.1taquehoiies,
549 2025 634 2083 nuili'
627 2040 652 2076 ιιι
667 2026 752 2094 ptaelio
761 2025 826 2094 justo
837 2021 920 2073 reliti!
939 2038 941 2040 ·

170 2103 227 2192 spe,
239 2105 314 2155 noiiu
323 2104 405 2155 adorti
425 2084 637 2168 canmconsutis,
642 2119 695 2154 rem
712 2104 737 2153 in
752 2101 835 2154 casum
851 2102 919 2152 anci

170 2180 228 2247 pitis
244 2181 348 2229 eventtis
360 2180 529 2231 committunt.
556 2178 657 2228 Clamor
676 2179 757 2229 [nono
774 2190 850 2242 ortus,
867 2191 926 2236 non

170 2251 277 2305 'consulis
292 2252 368 2303 modo
385 2254 483 2317 vigiles,
499 2253 639 2307 exercitum
653 2252 741 2302 deinde
752 2268 860 2315 omnem,
877 2251 920 2302 sed

167 2326 315 2380 ditatorem
327 2343 428 2395 quoque
442 2343 475 2378 ex
492 2327 580 2377 somno
600 2327 705 2378 excivit.
739 2329 788 2378 Ubi
806 2327 920 2396 prasenti

170 2414 269 2475 operes
280 2407 394 2473 egebant,
412 2405 496 2457 consul
514 2420 560 2456 nec
570 2406 655 2457 animo
667 2404 766 2470 defecit,
783 2421 829 2457 nec
840 2407 933 2456 const--

170 2481 223 2533 lio:
242 2497 297 2550 pars
315 2481 425 2532 militum
443 2485 571 2550 portatum
587 2481 701 2534 stationes
721 2481 839 2532 firmant:
863 2495 921 2549 pate

110 2559 113 2567 ’
168 2561 266 2615 boroni
280 2561 374 2612 vallum
393 2561 505 2626 cingunt.
539 2563 570 2611 In
589 2561 671 2612 alteris
686 2559 752 2630 apud
772 2560 919 2611 dittatorem

169 2641 263 2704 nastris,
280 2654 331 2706 qno
343 2640 423 2690 minus
434 2640 554 2690 tumultis
564 2640 605 2705 est,
623 2655 654 2692 eo
673 2640 728 2708 plus
742 2637 920 2688 animadverti·

169 2724 222 2784 tur,
240 2716 299 2787 quid
311 2733 373 2786 opus
383 2717 450 2769 fatto
461 2715 498 2768 sst.
515 2714 587 2769 misso
598 2718 725 2786 extemplo
736 2716 768 2766 ad
780 2716 854 2766 castra
862 2714 920 2765 sui>

98 2796 102 2803 '
172 2796 243 2862 boio,
261 2797 353 2864 cuisp.
369 2794 503 2846 Postumius
516 2795 593 2846 Albus
603 2795 697 2861 ltgatus
711 2793 851 2862 praeficitur‚
868 2791 921 2860 ipse

172 2885 244 2942 parte
254 2874 381 2942 copiarum
390 2888 470 2942 parvo
478 2873 583 2925 circuitu
591 2873 675 2922 locum
683 2873 793 2923 maxime
800 2870 926 2921 sectemm

170 2954 207 3003 ab
223 2955 330 3004 tumultu
347 2954 417 3023 petit,
434 2951 499 3004 unde
518 2967 552 3002 ex
569 2952 720 3020 necopinato
737 2948 852 3001 avernm
870 2948 918 2998 ho·

167 3024 236 3094 {tem
250 3031 361 3131 invadat.
396 3035 432 3104 ιζ·
443 3026 580 3123 Sulpicinoa
590 3029 699 3100 togatam
706 3027 813 3100 proicit
823 3024 920 3160 castpst

817 3106 849 3161 M
890 3119 918 3159 a·
