1964 3660
348 150 404 217 br
419 164 439 217 u
456 166 517 218 nn
539 154 573 218 -12
803 158 836 222 si

20 275 31 305 o
88 237 142 306 tals
160 240 215 318 eisd,
232 236 265 304 ut'
276 269 327 305 non
344 254 414 323 paler
431 256 584 324 Tarquinius
601 255 729 324 potentior
743 256 839 323 Roma,

89 337 166 398 quam
177 332 241 382 filius
253 333 340 383 Gabiis
351 333 427 385 esset:
452 338 549 403 Itaque,
567 335 697 403 postquam
709 335 765 399 satis
777 337 838 386 viri·

89 415 134 457 tun
143 409 270 458 colesium
281 409 312 459 ad
324 419 409 460 ornnes
421 424 523 462 conatus
532 412 642 476 videbat,
660 424 714 461 tum
726 415 739 462 ὲ
750 414 797 462 suis
808 428 837 462 u·

89 487 150 535 nuni
158 485 306 537 sciscitatum
349 494 424 538 'mam
435 490 465 539 ad
477 490 572 558 patrem
584 491 668 555 mittit,
680 490 801 555 ¹quidnam
813 489 838 540 se

89 558 170 633 sacere
184 563 275 614 vellet?
301 552 508 636 quandoquidem,
525 579 555 616 ut
573 567 659 617 omnia
669 582 731 616 unus
750 564 837 618 Gabiis

89 636 175 704 posset,
198 641 221 690 ei
237 642 281 691 Dii
298 640 424 692 dedissent.
464 645 530 694 Huic
542 644 642 709 nuncioj
669 645 735 710 quia,
753 640 837 709 credo,

87 712 170 779 dubia
181 714 238 766 fidei
249 716 390 781 videbatur,
408 719 471 789 nihil
478 735 542 770 voce
552 711 695 787 responsum
706 720 748 770 est.
782 734 838 784 rex,

87 792 158 842 velut
175 793 388 859 deliberabundus,
416 796 442 844 in
458 796 559 847 hortum
578 797 667 847 aediurn
683 797 774 862 transit,
799 797 836 847 se·

58 903 66 918 a
88 878 179 933 quente
194 871 287 920 nuncio
304 870 364 920 filii:
390 871 437 935 ibi,
454 872 607 922 inambulans
623 869 720 934 tacitus,
742 873 838 924 summa
937 912 943 921 ,

138 962 152 996 a
172 962 241 997 emm
257 949 339 1015 capita
352 946 443 999 dicimr
460 949 551 1000 baculo
562 949 693 1027 ὀψο.
728 923 970 1033 Interro'wil‘j..'(⁸‘'

87 1020 170 1086 gando
181 1024 394 1093 exspesiandoque'
405 1025 547 1094 responsum
559 1030 663 1078 nuncius
675 1027 754 1092 sessus,
772 1034 838 1080 utre
963 1024 965 1029 ’

87 1098 236 1168 imperiosis,
245 1103 308 1152 redit
318 1104 412 1153 Gabios
417 1106 429 1165 ‘;
446 1120 501 1170 quae
512 1105 603 1155 dixerit
614 1105 788 1174 ipse'squaeque
797 1108 836 1157 via

87 1176 159 1244 derit,
176 1180 264 1232 refert:
282 1181 324 1232 seu
335 1183 378 1247 iri,
392 1181 441 1231 'seu
455 1181 524 1246 odio,
542 1172 583 1233 seu
595 1183 706 1251 superbia
717 1185 786 1234 insta
798 1186 836 1235 in*

85 1254 169 1319 genio,
185 1256 346 1306 nullameum
364 1251 455 1307 vocem
472 1258 580 1308 emifilse.
612 1262 691 1309 Sexto
701 1260 758 1325 μω,
775 1259 836 1327 quid

86 1331 163 1382 vellet
174 1348 269 1399 parens,
286 1334 378 1399 quidve
389 1335 532 1402 preciperet
541 1336 621 1385 tacitis
629 1309 782 1402 amisis,
790 1353 835 1405 pa·

86 1411 151 1473 tuit;
168 1413 287 1478 primores
300 1413 415 1475 civitatis,
432 1414 505 1475 erimi
522 1413 659 1471 audoalios
670 1415 736 1482 apud
753 1430 835 1484 popu.

85 1488 147 1552 lum,
156 1488 217 1540 alios
228 1488 270 1539 sua
277 1488 342 1557 ipsos
351 1486 446 1540 invidia
453 1476 505 1558 biri)
523 1472 608 1541 nitidi
619 1493 752 1542 interemit.
769 1494 834 1543 mul·
942 1549 946 1556 ¹

85 1566 106 1614 ti
117 1565 212 1633 palam;
230 1567 338 1633 quidam,
348 1568 373 1616 in
382 1568 472 1633 quibus
482 1569 563 1618 minus
575 1569 684 1637 spegrpsa
694 1571 835 1622 criminatio
859 1591 862 1599 ·
916 1593 918 1603 ·

85 1653 140 1693 erat
150 1643 240 1709 sutura,
258 1645 321 1695 clam
333 1643 461 1707 intersedi.
479 1646 562 1696 P-atuit
570 1645 716 1712 quibusdam
725 1638 850 1698 volenti-'

85 1719 131 1769 bus
142 1719 210 1785 suga,
226 1731 270 1771 aut
286 1722 312 1771 in
324 1719 436 1770 exsilium
450 1718 497 1769 atti
512 1720 574 1785 sunt,
591 1723 776 1790 absentiumque
787 1723 835 1775 bo-

494 1799 711 1852 mdivisuiiuere.
745 1802 834 1864 Largi-

82 1877 158 1927 tionis
173 1875 231 1926 inde
248 1875 383 1944 praedaque
400 1874 460 1924 &d
487 1854 573 1949 gaiane
590 1868 682 1942 privati
707 1879 836 1959 commodi

83 1949 164 2002 sensus
175 1952 298 2001 malorum
310 1951 467 2017 publicorum
478 1949 562 2013 adimi,
580 1950 668 2014 donec,
685 1952 745 2002 orba
756 1953 834 2003 consi·

83 2027 120 2080 lio
138 2030 294 2094 auxilioque,
314 2017 413 2076 Gabina
433 2040 471 2075 res
487 2027 540 2091 regi
551 2030 667 2078 Romano
677 2028 727 2080 fine
737 2028 786 2080 ulla
796 2029 835 2082 di·

82 2106 218 2156 micatione
228 2107 255 2154 in
266 2118 369 2154 manum
382 2101 495 2153 traditur.
647 2109 649 2114 '
832 2118 836 2127 ·

115 2183 173 2230 LV.
191 2181 280 2231 Gabiis
288 2179 401 2245 receptis,
419 2177 571 2243 Tarquinius
582 2194 668 2248 pacem
677 2197 733 2233 curn
741 2184 835 2250 AEquoi

81 2271 138 2308 rum
149 2266 221 2320 gente
232 2256 305 2317 secit;
321 2254 399 2305 soedus
418 2269 476 2304 uim
488 2254 577 2306 Tuscis
593 2253 743 2308 renovavit(
770 2260 834 2312 Inds'

81 2334 113 2385 ad
124 2335 224 2398 negotia
231 2335 325 2384 urbana
332 2333 444 2382 animum
451 2335 587 2386 convertit.
604 2350 710 2401 quorum
719 2348 771 2387 erat
779 2339 834 2405 pri-.

81 2426 162 2475 mum,
178 2422 207 2461 ut
224 2413 296 2478 Jovis
315 2411 435 2478 templum
451 2411 481 2473 ¹in
500 2422 587 2462 monte
603 2414 723 2483 Tarpejo,
740 2431 836 2466 monus

82 2500 194 2541 mentum
204 2490 274 2554 regui
286 2487 323 2539 sul
334 2486 498 2554 nominisque,
515 2489 676 2556 relinqueret:
696 2491 836 2558 Tarquini

82 2579 111 2615 os
122 2567 296 2630 regeramus,
314 2575 409 2633 patrem
419 2566 524 2630 vovisse,
541 2565 620 2616 filium
631 2566 765 2633 perfecisse.
790 2568 833 2635 Et,
932 2573 938 2606 ἐ

81 2653 111 2692 ut
118 2643 217 2694 liberad
227 2645 313 2694 ceteris
321 2643 483 2708 religionibus
492 2659 548 2693 area
559 2643 616 2693 esset
624 2654 677 2692 tota
685 2645 758 2706 Jovis
768 2654 832 2693 tem.

81 2720 165 2787 plique
176 2720 236 2785 ejus,
253 2719 321 2787 quod
337 2719 531 2783 inaedificaretur,
548 2732 701 2782 exaugurare
719 2717 777 2767 sana
793 2718 837 2769 sa·'

80 2799 190 2863 cellaque
196 2799 284 2850 statuit
290 2818 297 2861 3
314 2815 368 2865 quae
378 2799 474 2863 aliquot
484 2799 519 2847 ibi
529 2802 545 2847 a
556 2798 634 2847 Tatio
645 2810 710 2859 rege,
722 2797 832 2863 primum

80 2876 108 2926 in
117 2876 170 2943 ipso
176 2877 317 2927 discrimine
327 2875 444 2926 adversus
452 2875 588 2929 Romulum
597 2888 685 2939 pugnae
694 2883 762 2938 vota,
772 2891 831 2926 con·

78 2950 487 3023 sectaminaupuataquepottea
496 2949 604 3005 munt.
631 2953 700 3017 Inter
708 2954 836 3022 principia

767 3047 830 3084 con·

83 1812 117 1848 ua
133 1797 207 1861 juxta
221 1809 297 1866 atque
314 1800 492 1922 interemptoqp
