1964 3660
163 320 233 496 fi
377 354 547 407 tinen
579 352 656 408 vm.
806 364 893 423 -ot

146 449 176 495 tu
188 439 299 519 wrsulto
311 444 485 511 triumphavit.
503 444 559 494 Hoc
569 442 685 511 beliuma
695 443 835 496 consulibus
843 447 898 498 bel·

147 512 233 585 iatum,
253 522 353 586 quidam
372 521 482 571 austeres
501 519 565 586 sunt,
581 521 671 587 eosque
693 520 723 570 de
743 525 895 579 Samnitibus

108 622 113 633 ¹
149 597 320 665 triumphiffer
333 599 436 649 Fabium
448 599 559 647 etiamin
571 599 687 666 Apuliam
697 599 844 669 processiise,
856 613 894 655 ar.
964 606 967 611 '

148 689 198 740 que
210 675 265 724 inde
276 691 377 740 magnas
388 675 480 742 praedas
491 672 573 740 egiffe.
891 708 894 715 ,

95 754 108 785 ·'
131 747 150 797 ',
184 753 240 801 XL.
260 755 313 802 Ne'c
324 750 452 818 discrepat,
469 752 528 817 quin
539 746 644 800 distator
655 765 686 799 eo
702 768 767 804 anno
785 758 818 806 A.
832 758 895 808 Cor.

149 826 227 877 neliue
238 829 321 879 suerit.
339 829 365 879 id
376 829 517 893 ambigitur,
534 827 623 876 belline
635 829 734 891 gerendi
745 834 816 882 causi
826 851 894 886 crea.

150 914 189 952 tue
200 904 244 966 [ιτς
260 900 292 955 an
303 907 408 969 messer,
426 906 469 977 qui
483 898 685 966 ludis'Romanis,
694 906 761 971 ‚quia
778 909 810 957 L.
822 910 894 962 Plau.

149 981 198 1029 tius
210 992 300 1048 praetor
311 983 382 1047 gravi
394 982 483 1031 morbo
503 981 568 1029 sortb
577 979 711 1045 implicitus
722 992 782 1046 erat,
800 983 896 1048 fignum

148 1059 274 1109 mittendis
290 1061 414 1126 quadrigis
431 1060 518 1118 daret;
543 1057 688 1122 functusque
705 1074 736 1108 eo
753 1061 819 1110 haud
839 1060 895 1118 [ωδ

147 1138 302 1188 memorandi
320 1140 416 1206 imperii
434 1136 575 1199 ministerio,
592 1134 616 1184 se
631 1134 750 1185 difiaturb
762 1137 895 1195 abdicarer.

148 1231 194 1265 nec
206 1216 276 1267 tacite
288 1219 329 1281 est,
347 1229 391 1267 aut
406 1234 457 1266 rem
476 1217 519 1278 rei,
536 1226 579 1264 aut
591 1215 716 1263 autiorem
727 1214 821 1266 austori
831 1233 893 1285 prae.

147 1291 220 1340 ferre.
255 1294 376 1344 Vitiatam
387 1293 533 1342 memoriam
549 1289 693 1341 funebribus
705 1289 817 1342 laudibus
828 1308 894 1361 reor,

148 1367 260 1433 falsisque
277 1370 411 1434 imaginum
423 1369 508 1431 titulis,
525 1366 584 1415 dum
601 1365 695 1415 familia
705 1366 736 1415 ad
755 1366 893 1436 sequarque

147 1443 241 1494 samam
252 1461 332 1495 rerum
341 1448 460 1510 gestarum
472 1448 644 1511 honorumque
653 1443 752 1494 saliente
763 1446 894 1502 mendacio

146 1523 256 1572 trahunt.
291 1523 352 1572 Inde
371 1528 435 1573 certe
449 1525 474 1574 δι
491 1522 640 1587 singulorum
659 1521 731 1587 gesta,
749 1522 774 1571 dc
793 1525 893 1589 publica

147 1610 307 1649 monumenta
317 1615 397 1649 rerum
410 1599 519 1650 confusa.
530 1615 573 1647 nec
583 1597 711 1664 quisquam
722 1599 819 1663 aequalis
829 1613 891 1654 tem-

148 1676 249 1742 poribus
260 1676 305 1726 illis
317 1677 421 1744 scriptor
432 1677 517 1742 exstat,
534 1692 585 1743 quo
597 1675 652 1727 satis
661 1686 729 1727 certo
736 1674 835 1731 auttore
846 1681 893 1736 tte.

147 1763 200 1804 tur.
527 1759 533 1770 ’

305 2144 430 2228 Finis
458 2149 561 2232 tomi
575 2147 728 2261 primi.
