1964 3660
366 219 390 268 L
407 217 420 268 1
437 220 458 268 B
475 217 496 268 E
513 219 536 268 R
569 219 604 268 V.
811 210 861 279 317

114 302 253 368 efferimnn
270 318 301 354 ne
313 304 373 369 quid
389 320 422 356 ex
433 306 545 371 antiquo,
564 314 652 372 praeter
669 301 755 354 sonum
764 303 863 370 linguae,

114 397 160 432 nec
172 399 228 433 eum
240 385 420 448 incorruptum,
437 383 582 432 retinerent.

23 455 26 460 ’
116 468 119 472 ’
148 462 274 514 XXXIV.
287 462 326 508 De
334 459 434 508 transtu
446 459 473 510 in
482 458 579 508 Italiam
589 447 720 509 Gallorum
732 457 785 506 haee
793 471 863 508 acce·

113 537 205 604 pimus.
239 536 322 587 Prisco
334 537 475 603 Tarquinio
484 541 570 587 Romae
582 545 708 600 regnante,
727 536 863 601 Celtarum,

114 627 168 678 quae
178 629 232 680 pars
248 613 335 663 Galliae
346 614 417 663 tertia
434 611 475 676 ess,
493 627 566 679 penes
582 612 702 675 Bituriges
711 610 806 661 summa
818 612 863 660 im·

115 689 178 755 perii
191 689 247 739 suit.
268 690 286 738 ii
298 701 381 754 regem
394 688 488 738 Celtico
498 688 598 738 dabant.
617 687 764 752 Ambigatus
776 689 795 737 is
807 687 864 752 suit,

114 769 209 818 virtute
217 767 364 834 somnique
373 783 451 834 quum
460 767 509 830 sui,
527 777 580 816 tum
593 765 698 832 publici,
712 767 864 833 praepollens,

115 845 183 909 quod
203 847 308 913 imperio
321 845 372 909 ejus
388 845 469 894 Gallia
487 841 550 893 adeo
567 841 667 906 frugum
685 842 865 908 hominumque

114 921 202 974 fertilis
213 922 269 987 suit,
285 933 314 972 ut
328 920 454 973 abundans
464 918 598 970 multitudo
611 921 657 969 vix
675 921 728 983 regi
739 919 866 970 videretur

114 989 195 1067 poss'ess
225 1002 273 1050 Hic
284 1015 376 1065 magno
390 1009 450 1050 natu
462 997 514 1065 ipse
527 998 588 1061 jam,
606 1010 744 1046 exonerare
759 1012 865 1063 pregra-

114 1086 192 1126 vante
205 1079 277 1127 turbs
292 1093 395 1143 regnum
416 1077 524 1144 cupiens,
541 1073 696 1124 Bellovesum
714 1090 743 1123 ac
760 1076 864 1140 Sigove·

117 1152 179 1218 sum,
197 1155 287 1205 sororis
299 1155 370 1218 filios,
387 1156 504 1222 impigros
514 1153 626 1218 juvenes,
638 1150 765 1202 missurum
776 1150 800 1201 se
810 1151 866 1217 esse,

117 1230 143 1279 ln
156 1247 215 1297 quas
224 1233 270 1283 Dii
279 1230 395 1284 dedissent
404 1233 512 1297 auguriis
526 1229 715 1293 sedeqonendit.
735 1233 866 1295 Quantum

117 1308 161 1375 ipsi
173 1310 265 1360 vellent
275 1326 405 1361 numerum
412 1302 555 1374 bominum,
573 1300 692 1373 exeirent,
710 1325 741 1358 ne
750 1325 798 1374 qua
807 1324 865 1374 gens

116 1401 200 1438 arcere
211 1388 368 1439 advenientes
376 1382 462 1456 posset.
498 1392 568 1437 Tum
577 1387 695 1452 sigoveso
704 1386 810 1437 sortibus
821 1388 865 1438 da·

117 1466 138 1514 ti
159 1467 269 1516 Hercinii
286 1466 375 1517 saltus:
395 1465 522 1515 Belloveso
537 1464 601 1514 haud
620 1465 697 1532 paulo
709 1465 827 1516 laetiorem
839 1466 867 1516 in

30 1555 31 1558 ’
116 1543 215 1593 italiam
224 1545 292 1593 viam
304 1546 346 1598 Dii
359 1544 458 1594 dabant.
492 1546 525 1607 Is,
543 1542 610 1609 quod
625 1544 676 1607 ejus
691 1544 867 1610 expopulisa·

116 1621 252 1686 bundabat,
269 1624 397 1686 Bituriges,
411 1625 545 1684 Arvernos,
557 1625 671 1683 Senones,
689 1621 790 1684 AEduos,
804 1626 866 1672 Am-

116 1698 214 1763 barros,
232 1702 358 1763 Carnutes,
377 1697 505 1761 Aulercos,
518 1697 623 1746 excivit.
642 1696 767 1746 Prosenus
779 1699 866 1763 in‘gen.

115 1775 184 1825 tibus
192 1772 303 1841 peditum
315 1775 476 1840 equitumque
486 1772 573 1839 copiis,
585 1772 611 1822 'm
623 1772 775 1844 Trieaslinos
784 1778 865 1826 venit.

114 1849 193 1916 Alpes
210 1848 267 1899 inde
278 1849 396 1918 opposite
410 1859 479 1898 erant
487 1867 495 1909 ς
512 1863 575 1914 quae⁴
583 1846 791 1916 inexsuperabiles
801 1852 866 1905 visas

117 1925 184 1977 naun
193 1928 305 1993 equidem
312 1915 476 1992 mirorsnulll
483 1925 543 1976 dum
554 1926 597 1977 viu
608 1926 686 1992 (quod
697 1927 796 1993 quidem
805 1947 867 1982 con.

118 2005 199 2056 sinens
212 2005 332 2059 memoria
341 2004 377 2067 sn,
394 2002 439 2054 nifi
455 2002 486 2053 de
499 2004 605 2054 Hercule
618 2003 707 2054 fabulis
726 2009 823 2058 credere
839 2009 869 2060 li·

118 2081 171 2150 bet)
183 2081 315 2149 superatas.
350 2083 390 2132 lbi
405 2097 483 2149 quum
498 2081 568 2132 velut
580 2080 661 2150 septos
675 2086 799 2136 montium
810 2087 867 2141 alti·

118 2161 180 2213 tudo
189 2171 282 2213 teneret
291 2160 385 2225 Gallos,
403 2158 686 2228 circumspestar'entque,
703 2163 810 2228 quinam
822 2179 867 2234 per

116 2237 201 2303 junsia
212 2238 273 2290 eoelo
287 2238 347 2305 juga
358 2239 385 2289 in
395 2239 471 2289 alienu
489 2238 576 2290 orbem
592 2250 713 2291 terramm
722 2243 865 2313 'transtreng

118 2315 206 2380 religio
224 2316 298 2367 etiem
310 2317 398 2382 tenuit,
416 2317 482 2384 quod
497 2317 599 2367 allatum
616 2317 657 2382 esi,
674 2318 782 2372 aduenas
798 2339 866 2389 quae·

90 2412 92 2415 ’
117 2405 198 2444 rentes
209 2409 295 2458 agnum
309 2395 341 2445 ab
350 2395 451 2461 Salyum
465 2406 538 2460 gente
546 2399 693 2462 oppugnari.
728 2400 865 2465 Massilien-

118 2470 156 2520 ses
166 2481 235 2519 erant
246 2471 280 2535 hi,
297 2473 403 2521 navibus
414 2473 539 2523 uPhoeaea
548 2472 661 2539 profesti.
696 2474 726 2524 Id
739 2478 805 2527 Galli
813 2478 866 2528 sor·

119 2559 186 2598 tunae
197 2546 244 2596 suae
255 2563 329 2597 omen
338 2549 385 2598 rati
393 2546 519 2612 adjuvere,
536 2559 572 2612 ut,
582 2563 655 2613 quem
666 2551 773 2615 primum
782 2556 807 2603 in
816 2564 866 2604 ter-

120 2640 174 2676 ram
182 2623 266 2688 egreffi
274 2635 465 2692 occupaverant,
482 2626 565 2675 locum
573 2625 712 2691 patentibus
723 2627 788 2679 silvis
800 2646 868 2681 corn-

121 2703 255 2752 munirent.
281 2701 325 2768 ipfi
343 2717 386 2768 per
404 2703 529 2752 Taurinos
553 2701 672 2770 saltusque
694 2704 776 2755 invios
792 2707 868 2774 Alpe!

121 2776 337 2829 transcenderunt:
355 2777 459 2845 lususque
475 2782 528 2829 acie
539 2778 628 2830 Tuscis
645 2780 710 2830 haud
721 2784 808 2847 procul
817 2785 866 2837 Ti-

121 2857 181 2908 eino
191 2856 301 2919 flumine,
318 2871 402 2922 qutun,
421 2852 506 2922 inquo
515 2854 683 2920 consederant,
699 2873 786 2921 agrum
796 2859 866 2910 Insu-

121 2933 327 3004 briumappellari
337 2932 464 3014 audissent,
481 2933 630 3003 cognomine
641 2934 784 2989 Insubribus
801 2951 870 3004 pago

447 3013 472 3066 0
489 3025 504 3077 3
671 3048 673 3053 »
768 3014 867 3086 Eduo3
