1964 3660
338 231 362 282 L
380 235 392 282 1
409 233 428 283 B
445 233 505 284 ER
539 235 574 285 V.
767 276 770 282 .
790 250 803 298 3
808 251 819 298 3
824 236 840 298 ς’

88 311 150 384 sint;
167 320 283 373 villaribus
301 323 412 388 Romanis,
435 327 563 392 recuperati
581 323 639 387 urbe,
655 303 697 396 air
714 341 791 393 quoque
812 331 843 385 ψ

94 401 224 468 Capitolium
235 402 359 467 dqseretur?
371 403 398 452 dr
405 401 456 467 plus
467 404 578 466 vastitatis
587 400 637 450 buic
647 393 694 451 urbi
699 404 792 469 sicunde
801 422 842 460 non
898 389 902 405 s

87 476 319 541 strafortunasaciet,
335 480 403 544 qua'm
419 479 511 544 aduerso
523 480 604 548 secie?
624 473 787 545 ¹ls'qur'dem‚·fi
802 497 841 531 ns·

92 552 124 602 bis
134 570 181 602 cnm
192 553 242 603 urbe
247 554 315 619 fimn'l
320 553 390 621 posita
399 556 520 622 truditeqne
527 569 569 625 per
585 572 661 604 manus
670 558 781 624 religiones
792 558 841 608 uul-

88 629 115 678 da
125 630 195 696 efferet,
214 642 286 682 tamen
297 641 343 682 tom
354 633 442 682 evidens
452 648 529 683 numen
540 633 579 683 boc
590 635 721 700 tempestate·
729 637 790 686 rebus
795 637 840 713 qd-

87 709 138 781 ficit
147 711 259 776 Romanis,
275 721 299 762 ut
309 727 392 761 omnem
399 711 551 780 negligentiam
562 712 632 761 diuini
643 713 709 762 cattos
720 725 844 782 exerrrptarss

89 786 209 837 bominibus
217 799 302 854 putem.
338 789 455 838 Intuemini
471 789 527 837 enim
537 788 611 838 horum
628 790 724 856 deinceps
738 802 842 842 aurorum

91 864 131 911 vel
135 866 236 930 secundas
242 884 285 930 res,
292 867 330 916 vel
339 867 456 932 adversos:
468 866 583 915 invenietis
594 867 665 929 omnia
674 869 776 934 prospere
786 885 840 918 eue-

92 938 143 1004 asse
154 942 286 1008 sequentibus
303 946 371 1005 Deos,
388 939 479 1008 adverse
484 940 642 1008 spernentibus.
676 945 732 1006 Jam
746 946 841 995 omnium
891 950 893 953 '

89 1019 187 1084 primum
198 1022 274 1085 Vejens
285 1017 360 1071 bellum
369 1021 423 1088 (per
429 1030 478 1088 quot
488 1037 559 1090 annos,
565 1029 643 1087 quanto
652 1020 721 1070 labore
725 1023 808 1089 gestum
819 1023 843 1089 l)

94 1112 135 1144 non
153 1104 202 1146 ante
219 1101 276 1165 oepit
287 1101 363 1164 finem,
389 1108 455 1166 quam
471 1100 552 1148 monitu
568 1101 667 1149 Deorum
681 1116 736 1166 aqua
752 1116 778 1151 ex
794 1101 842 1151 lacu

92 1171 179 1224 Albam
190 1176 262 1243 emissa
272 1177 310 1241 est.
346 1177 408 1244 Qld
422 1176 462 1227 bec
478 1178 563 1227 tandem
573 1175 631 1227 urbis
642 1177 713 1243 mstre
723 1178 792 1229 clades
802 1195 841 1230 no·

93 1251 148 1299 va?
164 1269 215 1301 num
226 1261 277 1304 ante
293 1265 367 1305 exorta
385 1255 422 1319 est,
437 1259 503 1323 quim
517 1257 593 1322 spreta
603 1272 647 1306 uox
668 1256 716 1306 coelo
729 1254 805 1324 enriffa
815 1257 842 1310 de

92 1327 188 1379 adventu
200 1333 333 1383 Gallorum?
349 1336 414 1402 qua'm
421 1334 520 1401 gentium
527 1333 566 1398 jus
577 1332 603 1382 ab
619 1333 696 1400 legatis
706 1333 780 1399 nostris
790 1336 841 1386 vic·

92 1405 184 1458 lotum?
199 1414 264 1478 quom
276 1411 366 1476 duobis,
383 1429 446 1479 quum
457 1412 566 1462 uinoicari
579 1411 669 1478 deberet,
688 1413 841 1482 eddemynegli·

88 1486 167 1550 gentil
178 1488 276 1539 Deorum
284 1487 464 1558 pretermissum?
498 1489 572 1556 Igitur
590 1487 646 1537 villi
662 1490 759 1556 captique
769 1505 795 1538 ac
804 1506 841 1540 re-

91 1560 175 1630 dempti
184 1575 268 1618 tontum
277 1581 389 1635 panarum
400 1568 455 1616 Diis
472 1564 624 1631 hominibusque
640 1565 744 1629 dedimus,
761 1574 786 1615 ut
795 1575 841 1616 ter-

91 1654 166 1706 rarum
177 1643 222 1694 orbi
238 1647 358 1697 documento
372 1643 466 1709 essemus.
500 1644 607 1708 Adverso
623 1643 697 1691 deinde
715 1657 753 1705 res
766 1645 841 1693 admo·

93 1733 183 1770 nnerunt
192 1723 326 1790 religionum.
363 1721 503 1787 confugimus
514 1720 536 1768 in
548 1717 677 1785 Capitolium
688 1719 717 1766 ool
726 1721 795 1784 Deos,
812 1719 843 1770 ad

87 1797 162 1863 sedem
172 1801 240 1866 Jouis
251 1801 327 1868 optimi
338 1799 427 1848 maximi
436 1814 446 1846 .·
458 1798 523 1863 fitero
533 1795 555 1844 in
566 1795 627 1844 ruina
637 1810 711 1843 rerum
722 1796 841 1860 neustrarum

93 1876 206 1925 aliaterra
216 1879 340 1939 celavimus,
357 1877 409 1939 alia,
426 1872 505 1924 nuella
522 1873 658 1937 infinitimas
668 1869 737 1936 urbes,
754 1875 844 1924 amovi>
883 1944 884 1947 Ἴ

94 1966 142 1999 mres
153 1951 178 1999 ab
189 1953 277 2017 bostium
287 1953 359 2004 oculis.
393 1954 492 2000 Deorum
509 1949 595 2013 cultum,
602 1947 690 2020 deserti
700 1947 726 1997 ab
737 1951 792 2000 Diis
803 1950 840 2001 bo·
861 1987 863 1995 .

92 2029 229 2097 minibusque,
243 2028 533 2094 >tarnenmnintermistmns
559 2027 685 2077 Reddidere
694 2027 762 2096 igitur
767 2033 842 2095 pasci·
875 2086 878 2089 .

92 2124 138 2171 am,
156 2109 183 2161 dr
197 2110 321 2176 miliariam,
339 2111 366 2162 m
376 2099 486 2178 antiquum
503 2105 551 2156 belli
569 2106 630 2156 decus
643 2104 760 2172 amssum:
778 2108 805 2158 dr
817 2111 842 2160 in

93 2185 168 2252 hostes,
184 2189 220 2255 qui
231 2191 277 2239 ecci
286 2185 385 2240 aderitid
402 2189 425 2238 ln
440 2185 535 2255 pondere
544 2185 592 2234 anri
599 2184 672 2250 foedus
686 2181 787 2246 acfidem
797 2184 840 2253 se.

87 2265 201 2333 sederunt,
218 2276 331 2320 uerterunt
339 2277 444 2318 terrorem
450 2265 570 2334 fugamque
581 2263 608 2314 dr
619 2262 706 2325 codem.¹

125 2345 185 2395 LII.
203 2346 321 2397 Herculei
338 2343 465 2414 negleliique
480 2343 571 2394 numinis
590 2349 652 2391 tanto
671 2348 805 2390 monumenta
816 2341 841 2395 in

91 2418 153 2472 rebus
169 2421 265 2486 humanis
281 2418 397 2487 cernentes,
413 2420 487 2489 ecquid
498 2419 595 2488 passeis,
611 2417 719 2483 Quirites,
736 2427 840 2483 quantum

92 2488 184 2547 vixdum
195 2501 338 2569 tnausrogiis
348 2497 504 2568 priorisculpn
516 2496 618 2563 cladisque
629 2503 759 2562 emergentes
770 2506 840 2561 pore·

91 2590 142 2643 mus
151 2575 234 2640 nefas?
267 2578 349 2626 Urbem
364 2576 470 2644 auspicati
484 2573 648 2641 imagurasbque
657 2572 763 2622 conditam
776 2569 840 2622 babe-

40 2652 43 2657 ’
93 2669 141 2713 mus
151 2671 160 2703 :
177 2654 243 2705 nullus
252 2655 307 2706 locus
316 2656 339 2704 in
349 2671 375 2704 ea
382 2671 422 2704 non
429 2652 554 2720 redgionnm
562 2653 700 2717 Deorumque
707 2650 736 2713 est
744 2649 840 2716 plenus:

86 2731 202 2801 snerificiis
214 2731 331 2798 solennibus
342 2748 383 2782 mu
398 2731 444 2780 dies
454 2727 593 2796 magisstati,
608 2729 674 2795 quim
689 2726 799 2794 locaſsent,
817 2725 841 2778 iss

22 2864 25 2869 s
91 2808 165 2880 quibus
170 2809 237 2874 fiant.
269 2811 317 2860 ¹Hos
331 2824 401 2860 omnes
412 2810 481 2873 Deos,
495 2802 588 2874 publicos
595 2805 742 2871 priuatosque,
760 2802 853 2868 Quiri-⁴

88 2896 134 2953 -tcs,
151 2885 258 2956 deserturi
271 2889 340 2953 eslis?
373 2888 450 2956 Qum
465 2897 511 2954 par
528 2885 625 2950 oestrum
632 2883 720 2949 folium
732 2882 768 2946 cst,
786 2878 842 2947 quod

89 2967 117 3019 in
127 2964 226 3034 obsdioue
236 2979 304 3036 nuper
314 2969 336 3018 iu
346 2966 430 3036 egregio
440 2964 565 3032 adolescente
576 2963 603 3012 C.
615 2959 691 3024 Fabio,
707 2976 747 3010 non
757 2957 840 3008 minere

92 3046 183 3116 tostum
193 3046 342 3118 admiratore,
352 3043 514 3116 aeanfled,
530 3058 568 3098 sor
573 3038 661 3113 pelium
674 3037 718 3108 ‘stt
726 3036 841 3159 lamiis
