1964 3660
141 204 189 261 47⁸
373 189 672 241 xr.L1v11s

143 287 261 337 berentur
272 285 298 332 in
310 280 411 348 oppida,
422 281 468 329 fitu
479 279 578 328 urbium
589 277 760 345 moenibusque
771 279 798 330 se
809 277 896 332 desen·

144 361 203 411 suri.
238 357 362 408 Postremo
373 355 465 422 oppida
477 369 577 419 quoque
589 355 617 401 vi
628 368 773 419 expugnare
783 354 896 419 adortus,

145 438 227 504 primo
240 439 356 485 Cutinam
374 433 469 495 ingenti
485 429 573 480 ardore
586 431 695 480 rnilitum
705 440 751 479 aut
762 432 897 485 vulnerum

133 515 189 575 iri,
207 511 274 576 quod
290 509 357 559 haud
373 509 424 559 scre
433 508 566 574 quisquam
582 509 677 571 integer
688 509 775 574 proelio
787 509 897 560 excesse-

142 598 191 649 rat,
209 585 277 633 scalis
294 584 377 649 cepit:
403 582 491 631 deinde
513 583 655 644 Cingiliam.
679 582 807 648 utriusque
827 585 897 635 urbis

144 661 252 728 predam
263 661 391 722 militibus,
410 659 621 726 quodeosneque
633 670 719 726 porta,
735 674 820 726 neque
829 676 896 715 murs
935 694 938 698 -

145 738 254 788 hollium
262 748 400 799 arcuerunt,
416 735 539 786 concessit.

179 818 267 863 XXX
285 816 314 862 In
327 813 452 861 Samnium
464 810 637 860 incertisitum
652 809 766 878 auspiciis
783 774 832 862 esi.
851 829 897 866 eu

143 890 184 955 jus
200 892 235 939 rei
252 891 344 939 vitium
361 904 412 938 non
429 887 530 938 inbelli
547 897 674 955 eventum,
692 886 760 952 quod
777 889 897 956 prospere

145 968 239 1029 gestum
251 966 292 1030 cst,
309 964 373 1014 sed
366 981 393 1014 tn
403 964 498 1014 rabiem
506 974 581 1029 atque
591 964 639 1013 iras
647 963 823 1030 imperatorum
835 982 895 1016 vet·

146 1045 185 1092 tit.
196 1056 303 1105 namque
314 1041 425 1106 Papirius
433 1038 546 1101 distaret,
554 1044 569 1088 a
577 1039 681 1106 pullario
689 1038 808 1105 monitio,
817 1055 895 1104 quom
910 1081 918 1086 c

144 1119 177 1168 ad
189 1118 326 1184 auspicium
337 1115 496 1183 repetendum
507 1119 613 1165 Romam
625 1108 831 1181 proficisceretur,
840 1133 895 1167 ma.
909 1122 913 1130 '

145 1194 220 1257 gistro
232 1195 344 1260 equitum
356 1192 526 1254 denunciavit,
543 1201 571 1239 ut
586 1188 635 1240 sese
649 1190 707 1240 loco
716 1185 818 1255 teneret,
835 1207 895 1258 neu,
932 1201 934 1205 '

144 1270 247 1320 absente
273 1267 306 1331 se,
331 1284 388 1317 cum
408 1267 475 1316 holle
497 1281 600 1316 manum
621 1264 766 1315 consereret.
802 1267 895 1318 Fabius

144 1361 223 1410 quum
244 1344 297 1410 post
321 1343 498 1410 prosesiionem
518 1343 643 1392 dislatoris
661 1358 705 1408 per
723 1343 895 1409 exploratores

144 1419 307 1486 comperisset,
325 1419 425 1485 perinde
444 1420 528 1468 onmia
547 1418 625 1469 soluta
641 1417 707 1486 apud
725 1419 812 1483 hostes,
828 1436 859 1471 ac
877 1421 894 1472 si

144 1512 220 1546 nemo
232 1501 358 1545 Romanus
372 1497 398 1545 in
414 1498 513 1545 Samnio
530 1495 604 1557 esset;
622 1495 662 1545 seu
672 1495 744 1545 setox
752 1495 894 1548 adolescens

144 1573 291 1636 indignitate
302 1570 425 1634 accensus,
438 1570 505 1637 quod
516 1573 600 1621 omnia
610 1573 636 1620 in
648 1569 765 1621 disiatore
777 1571 893 1623 videren-

144 1662 186 1701 tur
197 1649 302 1717 repolita
316 1648 379 1711 else3
397 1649 439 1699 seu
456 1650 583 1700 occasione
598 1651 666 1700 bene'
677 1650 789 1715 gerendae
805 1653 842 1701 rei
853 1653 892 1703 in·

143 1726 246 1786 dusius;
263 1727 376 1776 exercitu
387 1725 502 1775 insitusio
514 1737 648 1792 paratoque
662 1724 785 1793 professus
795 1726 827 1775 ad
840 1729 892 1776 Im·

143 1805 260 1868 brintum,
277 1805 320 1868 (ita
330 1815 423 1856 vocant
435 1804 528 1869 locum)
544 1805 597 1854 acie
606 1819 662 1853 cum
675 1805 821 1854 Samnitibus
833 1821 894 1858 con·

143 1882 220 1933 flixit.
238 1896 267 1930 ca
275 1880 376 1931 sortuna
384 1896 473 1948 pugnae
485 1881 541 1944 suit,
553 1893 581 1930 ut
590 1882 651 1930 nihil
660 1881 769 1930 relislum
780 1882 816 1945 stt,
829 1899 892 1949 quo,

143 1958 161 2008 si
173 1956 286 2007 adfuisset
297 1957 409 2022 disiator,
423 1974 461 2008 res
472 1959 560 2008 melius
570 1960 622 2024 geri
634 1960 757 2027 potuerit:
775 1974 828 2009 non
839 1961 893 2013 dux
919 1950 923 1963 ⁴

142 2035 226 2096 militi,
242 2050 294 2084 non
311 2037 381 2085 miles
398 2036 454 2085 duci
472 2035 559 2087 desuit.
592 2039 674 2101 Eques
689 2037 772 2098 etiarn,
790 2036 892 2098 ausisse

141 2115 174 2166 L.
193 2115 311 2164 Cominio
331 2115 433 2165 tribuno
450 2116 566 2177 militum,
584 2117 626 2180 qui
644 2115 779 2181 aliquoties
796 2115 892 2183 impetu

142 2202 217 2257 capto
232 2207 389 2258 perrumpere
404 2202 456 2241 nnn
471 2203 568 2258 poterat
579 2193 684 2242 hostium
694 2207 792 2256 agmen,
807 2191 891 2244 detra·

140 2271 182 2318 xit
192 2269 274 2319 frenos
291 2271 373 2332 equis;
391 2280 465 2335 atque
481 2271 516 2320 ita
534 2273 670 2321 concitatos
680 2272 814 2324 calcaribus
833 2289 890 2341 per-

140 2342 214 2407 misit,
230 2354 259 2393 ut
271 2341 383 2394 sustinere
394 2361 436 2394 eos
448 2347 513 2395 nulla
525 2349 564 2396 vis
573 2347 658 2413 posset.
692 2363 736 2414 per
752 2364 828 2412 arma,
846 2367 891 2418 per

140 2422 210 2470 viros
227 2420 275 2468 late
288 2420 391 2484 stragem
402 2421 499 2473 dedere.
518 2428 617 2474 Secutus
632 2424 704 2491 pedes
720 2425 844 2490 impetum
861 2442 889 2477 e·

140 2499 247 2562 quitum,
265 2498 369 2548 turbatis
383 2499 491 2565 holiipus
502 2499 585 2552 intulit
593 2503 668 2565 signa.
703 2503 801 2564 Viginti
811 2503 892 2554 millia

140 2573 247 2623 hostium
262 2574 322 2624 casa
335 2576 424 2627 codic
437 2579 578 2628 traduntur.
613 2579 732 2631 Auslores
742 2580 834 2645 habeo,
852 2583 891 2634 bit

139 2664 198 2698 cum
215 2648 282 2699 hoste
293 2649 359 2714 ligna
369 2652 466 2716 collata,
483 2653 603 2705 disiatore
619 2653 727 2720 absente,
743 2655 782 2705 bis
792 2671 848 2708 rem
863 2674 890 2707 e-

139 2725 223 2790 gregie
231 2726 329 2788 gestam.
365 2729 439 2794 Apud
451 2730 625 2794 antiquislimos
637 2730 766 2796 scriptores
777 2747 827 2782 unt
837 2735 892 2787 hec

140 2814 224 2868 pugna
235 2802 378 2854 invenitur:
392 2807 417 2854 in
429 2806 574 2870 quibusdem
581 2808 708 2859 annalibus
717 2819 770 2861 tota
779 2824 818 2858 res
827 2827 892 2877 pre·

137 2877 246 2934 termissa
268 2879 310 2927 est.
344 2883 461 2944 Magisler
482 2885 603 2948 equitum,
627 2896 655 2933 ut
674 2898 707 2934 er
725 2894 796 2935 tenta
812 2887 891 2952 carde,

91 2954 223 3085 fatuus
232 2955 327 3022 ponus
344 2954 436 3026 spoliis,
451 2960 591 3029 congesta
581 2976 610 3013 ur
625 2962 752 3029 ingmtent
767 2976 892 3027 acervum

604 3054 606 3059 ·
786 3039 890 3153 hostilia
