1964 3660
175 231 225 287 3⁸6
443 229 479 279 T.
513 228 686 282 L'I'VI‘I·

171 315 236 382 plebi,
254 325 353 383 tanquam
364 315 430 365 uliam
439 317 535 366 incolenti
546 318 627 382 mem,
643 317 736 385 aduersa
746 318 792 386 quis
799 321 872 386 putet)
886 321 919 370 ni·

173 391 205 442 bil
214 409 259 457 nos,
277 409 341 460 neque
349 396 459 459 privatos,
476 411 540 461 neque
551 397 574 444 in
590 395 756 462 magistratibus,
774 399 827 464 qual
839 400 920 448 incam-

172 471 256 520 modum
264 470 322 537 plebi
332 471 388 538 eset,
399 472 490 536 scientes
495 473 590 538 secrffe:
607 489 644 522 nec
654 474 812 539 ullumsaiium
827 474 921 535 diflam-

171 563 202 597 ve
212 548 304 611 nostram
316 558 389 598 contra
401 550 517 598 utilitatem
531 551 627 613 uestram
637 551 789 618 ¹(ets‘quadam
797 562 872 601 cantra
879 569 920 602 vo-

164 623 272 693 lantatem
278 627 373 690 suerint)
391 631 444 676 vere
454 627 534 690 referri
543 627 607 694 poffe.
642 630 683 678 Au
692 630 736 692 boc,
749 629 771 694 fi
782 629 872 680 Claudia
877 630 920 694 sa·

164 702 232 752 milia
242 720 282 752 nou
288 703 338 768 sm,
355 720 392 754 nec
403 719 429 754 ex
436 705 530 770 patricia
534 707 638 771 sunguine
649 708 716 768 ortus,
727 706 769 770 sed
778 724 831 756 unus
840 704 919 776 Qniri-

170 780 226 830 tium
237 781 329 847 quilibet,
347 782 382 847 qai
394 783 454 830 moli
467 798 502 830 me
512 782 587 832 duobus
596 780 691 849 ingenuis
706 792 785 848 ortum,
798 785 831 836 b
839 787 925 844 moure,
969 824 971 826 v

167 858 192 907 in
203 856 268 907 libera
284 860 374 908 civitate
384 860 463 924 sciam,
480 860 568 909 reticere
577 862 674 926 poffim?
708 863 738 912 L.
751 861 809 910 illam
822 863 920 912 Sextium

169 937 198 987 ὰ
211 939 237 986 C.
250 938 365 1000 Licinium,
380 945 494 1004 perpetuos
512 938 543 1002 (fi
557 939 610 987 Diis
619 939 698 1004 placet)
715 937 816 1003 tribunos,
833 949 919 990 tautum

168 1013 256 1064 lieentia
265 1032 344 1066 novem
360 1016 429 1078 annis,
446 1013 627 1082 quibusxregnaut,
638 1014 754 1082 stempfiffe,
771 1025 794 1066 ut
806 1016 867 1066 vobis
878 1032 917 1066 ne-

163 1101 220 1159 gent
227 1093 354 1159 potestatem
364 1093 453 1142 liberam
458 1093 567 1162 ficsragii,
580 1109 623 1142 nan
633 1093 766 1154 incomitiic,
782 1109 823 1142 nau
831 1095 853 1142 in
861 1093 916 1160 legi-

168 1166 205 1216 bus
218 1168 325 1232 jubendis,
346 1171 372 1234 se
388 1168 524 1235 permifflaros
541 1169 601 1237 ese?
619 1165 677 1216 'Sat
693 1169 815 1232 cambitione,
835 1165 916 1235 iuquit,

167 1259 204 1294 uos
214 1246 314 1308 rescietis
324 1245 428 1294 decimum
439 1243 539 1295 tribanos.
574 1242 682 1312 Qilesl
697 1243 757 1293 aliud
769 1245 847 1309 licere,
864 1241 920 1311 quoii

165 1331 243 1387 petunt
252 1323 299 1385 alii,
317 1338 353 1372 nos
363 1323 413 1372 aclea
425 1323 559 1387 fastidimus,
575 1332 600 1374 ut
611 1321 658 1388 fine
674 1320 769 1372 mercede
779 1338 859 1391 magua
874 1340 917 1372 non

167 1400 304 1466 accipiamus.
339 1401 431 1467 Selqua
443 1402 529 1451 tandem
537 1399 714 1466 islamercesest,
731 1393 917 1471 quivosse'mper
954 1403 964 1409 '

166 1477 334 1544 tribunusplebis
345 1477 477 1528 babeamus?
491 1488 518 1531 ut
530 1480 660 1547 rogationes,
676 1478 751 1546 inquit,
768 1478 858 1544 naslras,
874 1481 917 1545 seu

161 1555 256 1621 placent,
264 1556 428 1625 finalisplieett
439 1559 479 1622 sau
489 1557 558 1622 utiles,
570 1557 699 1623 stainutiles
707 1558 766 1625 suot,
780 1573 916 1619 amnesam-

159 1633 254 1697 junilim
262 1635 386 1701 accipiatis.
404 1634 491 1702 Obsscro
504 1652 551 1698 vos,
570 1635 683 1703 Tarquinii
696 1633 775 1686 tribuni
782 1633 860 1702 plebis,
869 1649 916 1704 pu·

165 1720 211 1764 tate
222 1729 256 1761 me
267 1729 292 1763 ex
304 1713 376 1763 melia
386 1715 480 1764 concione
488 1731 552 1765 unum
563 1717 636 1764 ciuem
641 1713 788 1780 succlamare:
806 1717 868 1765 Boncl
876 1733 917 1766 ve-

165 1790 202 1839 nil
211 1791 284 1854 veslrb
295 1790 358 1840 liceat
367 1807 391 1842 ex
401 1791 434 1840 his
447 1790 588 1859 rogationibus
599 1792 675 1860 legere,
692 1807 743 1858 quas
748 1790 844 1858 salubres
855 1791 917 1844 nabis
930 1848 935 1854 ,

165 1869 270 1934 censemus
292 1867 346 1933 mse3
363 1869 473 1934 antiquare
491 1869 555 1919 alias.
590 1873 654 1932 Non,
671 1869 746 1935 inquit,
763 1866 841 1918 licebit.
878 1873 918 1920 Tu

164 1946 190 1996 cle
201 1949 285 2010 forrare
302 1956 366 2014 atque
376 1948 443 2014 agris,
460 1948 514 2014 quad
523 1949 553 1997 ad
567 1963 608 1997 vos
624 1962 695 1996 omues
704 1948 806 2013 pertinet,
818 1947 915 2012 jubeas,-

164 2025 192 2076 ἐν
204 2025 246 2075 boc*
249 2028 344 2091 portenti
355 2043 395 2081 non
406 2027 450 2090 sat
466 2027 488 2075 in
499 2025 548 2075 urbe
560 2028 664 2090 Romana,
680 2026 712 2075 uti
729 2028 759 2075 L.
772 2028 868 2076 Sextium
879 2037 917 2078 at-

163 2118 203 2169 que
214 2101 266 2151 bunc
278 2105 304 2151 C.
317 2104 425 2152 Licinium
437 2103 539 2168 corficles,
551 2103 604 2168 qual
619 2101 744 2168 indignaris,
755 2103 815 2168 qual
829 2103 917 2155 abomi-

163 2180 230 2242 naris,
248 2179 348 2234 videas!
382 2181 512 2230 Auamma
526 2180 615 2245 accipe:
631 2187 669 2228 aut
685 2178 739 2228 nibil
748 2179 810 2243 sero.
846 2182 880 2230 Ut
891 2180 916 2247 fi

162 2257 209 2320 quis
226 2257 252 2317 ei,
270 2272 331 2321 quem
345 2265 421 2322 urgeat
432 2257 516 2321 soenes,
534 2271 638 2317 venenum
652 2265 721 2322 ponat
737 2271 784 2303 cum
802 2254 846 2305 cibo
855 2277 862 2318 ;
884 2260 916 2310 ύ-

71 2382 76 2392 ,
162 2340 200 2379 aut
208 2328 310 2393 abstinere
320 2347 359 2393 eo,
369 2333 423 2397 quod
430 2333 541 2397 nimiast,
554 2330 636 2399 jubeat,
651 2340 690 2380 aut
699 2332 837 2396 mortiferum
848 2336 915 2385 vita-

155 2410 178 2459 li
187 2409 308 2477 admisceat.
344 2413 413 2479 Ergo,
425 2412 448 2477 s
461 2411 508 2477 essct
521 2412 586 2461 libera
602 2409 641 2459 bec
651 2408 740 2474 civitm,
756 2426 797 2459 nan
807 2412 847 2461 tibi
856 2414 913 2478 fre-

156 2498 247 2556 quentes
252 2489 432 2559 sucflonzbseat?
467 2489 514 2540 Abi
524 2490 628 2539 binc‘cum
640 2485 780 2544 tribunatibus
791 2494 915 2558 arrogati-

155 2568 234 2617 onibus
245 2568 308 2617 tuis?
325 2568 395 2634 quial?
407 2568 429 2634 ft
439 2578 464 2618 tu
475 2586 514 2618 oran
526 2567 608 2630 tuleris,
625 2567 679 2632 qual
688 2567 818 2616 commodum
830 2568 912 2635 eslpo·

158 2645 210 2712 pulo
222 2640 324 2710 accipere,
342 2662 401 2694 nemo
412 2648 468 2710 ¹crit,
484 2648 520 2712 qui
525 2647 590 2712 ferat
600 2643 652 2694 illul
659 2647 673 2693 ἒ
707 2646 732 2697 Si
741 2646 786 2712 quis
793 2647 911 2713 patricius,
952 2690 955 2694 Α

155 2721 182 2787 ,β
190 2725 235 2788 quis
251 2723 313 2788 (quod
322 2723 354 2771 illi
364 2722 439 2772 volum
447 2722 568 2789 insidiosus
577 2721 624 2789 effi)
642 2721 740 2772 Claudius
754 2723 848 2788 diceret,
858 2726 912 2777 Aut

162 2802 232 2852 amaia
243 2801 339 2867 accipite,
349 2810 393 2850 ‘aut
408 2800 463 2850 nibil
472 2801 541 2865 sera;
557 2801 603 2867 quis
613 2800 719 2866 cesloim,
736 2802 844 2867 Quirites,
855 2802 910 2866 fer·

162 2880 219 2927 ret?
254 2883 400 2946 Nunquamne
410 2895 450 2930 vos
466 2896 500 2929 res
508 2880 590 2947 potiris,
607 2886 671 2945 quam
688 2877 790 2943 attans,
801 2879 910 2947 spellabi-

157 2955 214 3005 tis?
225 2955 266 3017 sed
278 2957 349 3005 omnia
359 2957 454 3023 semper,
471 2972 513 3023 qua
531 2954 668 3022 magistratus
683 2954 720 3005 ille
737 2954 800 3019 dicet,
812 2956 912 3021 secundis

156 3030 254 3100 ructibus,
264 3047 308 3103 qua
316 3033 343 3086 ab
351 3032 444 3102 nostruin
453 3033 602 3105 predicentur,
619 3030 715 3102 advmss
723 3031 924 3163 fastam·
