1964 3660
363 167 533 218 crrnn
566 165 628 218 vri.
809 171 858 231 ui·

119 249 232 303 intestino
244 253 301 305 sessa
317 258 390 320 bello,
406 257 458 321 jam
470 255 636 306 Macedonum
655 270 713 322 opes
732 256 858 308 horrebatr

73 378 76 387 ,
153 335 266 380 XXVII.
285 334 441 383 Exercitibus
452 333 559 396 dimiffis,
577 348 653 398 quum
664 334 690 382 δε
700 333 761 384 soris
773 347 822 400 pax
834 333 860 383 st

99 440 103 448 .
118 405 187 453 domi
205 409 337 458 concordii
357 409 471 459 ordinum
490 411 570 458 otium
587 407 651 473 esset,
669 424 700 456 ne
717 411 789 457 nimis
801 409 862 458 laerae

118 496 156 530 res
168 481 249 545 essent,
268 485 401 549 pestilentia
417 486 544 535 civitatem
556 486 642 534 adorta
658 486 740 549 coegit
751 482 862 534 senatum

118 555 241 622 imperare
259 557 413 623 decemviris,
430 569 459 608 ut
469 559 544 608 libros
556 560 687 624 Sibyllinos
698 559 862 626 inspicerent3

118 646 254 697 eorumque
264 635 542 705 monitu‘leflillernium
553 633 610 683 suit.
636 636 730 684 Eodem
741 651 807 685 anno
820 639 861 683 Sa·

118 709 208 757 tricum
216 712 247 759 ab
257 713 398 762 Antiatibus
407 713 504 762 colonia
513 709 622 774 dedum,
632 714 788 777 restitutaque
794 713 861 776 urbs,

118 799 192 848 quam
209 788 293 836 Latini
313 776 446 839 diruerant.
464 789 489 837 ἃ
501 803 558 836 cum
576 787 815 849 Karthaginiensibus
826 789 874 836 lc··

118 861 182 924 gatis
193 865 277 912 Romae
293 865 370 915 soedus
382 866 465 928 isium,
483 879 560 928 quum
570 863 705 912 amicitiam
716 878 745 911 ac
756 862 861 912 societas

119 947 169 987 tem
190 951 298 1004 petentes
318 941 446 991 venissent.
481 941 550 990 Idcm
565 941 651 990 orium.
664 937 740 987 domi,
752 937 860 1003 forisque

116 1013 203 1062 mansit
221 1019 256 1064 T.
274 1017 371 1067 Manlio
382 1023 529 1080 Torquato,
548 1019 577 1064 C.
591 1015 688 1063 Plautio
706 1013 860 1064 consulibus:

118 1090 306 1143 semunciarium
315 1101 413 1144 tantum
424 1109 457 1143 ex
470 1093 582 1142 unciario
593 1092 670 1141 soenus
682 1089 780 1153 sadum,
797 1091 823 1148 ,ἃ
835 1091 862 1142 in

118 1166 243 1230 pensiones
256 1184 335 1234 aequas
356 1170 462 1231 triennii,
479 1170 513 1216 ita
528 1179 557 1216 ut
574 1178 660 1233 quarta
677 1164 779 1232 praesens
795 1167 862 1231 esset,

117 1241 208 1292 solutio
220 1245 271 1292 aeris
288 1246 361 1294 alieni
379 1244 516 1310 dispensata
533 1244 574 1292 ell.
592 1245 617 1292 &
635 1243 665 1292 sic
676 1259 774 1308 quoque
792 1253 862 1310 parte
899 1290 902 1293 .

118 1317 195 1382 plebis
206 1318 297 1384 affecld,
314 1320 374 1369 fides
385 1321 467 1369 tumen
484 1320 582 1386 publica
599 1318 701 1383 privatis
713 1317 861 1369 difficultati*

118 1392 162 1442 bus
172 1396 256 1461 potior
263 1396 294 1446 ad
305 1412 389 1445 curam
399 1396 491 1446 senatui
503 1395 559 1444 suit.
577 1397 686 1457 Levatae
697 1396 861 1460 max-imeres,

117 1471 175 1535 quia
184 1471 278 1521 tributo
285 1488 314 1521 ac
323 1471 417 1521 deleclu
428 1470 593 1538 supersclsum.
629 1473 718 1522 Tertio
729 1488 796 1523 anno
808 1473 863 1540 pou

116 1548 236 1597 Satricum
252 1551 388 1599 restitutum
406 1556 421 1599 ὲ
440 1551 544 1611 Volscis,
564 1552 602 1599 M.
623 1551 735 1600 Valerius
753 1555 863 1614 Corvus,

116 1620 250 1674 secundum
261 1626 345 1676 consul
356 1642 412 1675 cum
426 1630 455 1675 C.
469 1626 569 1674 Poerelio
580 1625 665 1687 faetus,
678 1641 754 1690 quum
765 1642 798 1676 ex
809 1630 860 1676 La·

116 1699 153 1747 tio
164 1700 307 1748 nunciatum
320 1699 384 1762 cll'et,
402 1701 494 1762 legatos
506 1700 538 1748 ab
549 1700 625 1747 Antio
636 1701 766 1750 circumire
778 1716 860 1768 popus-

116 1773 153 1823 los
165 1775 311 1823 Latinorum
321 1773 351 1822 ad
360 1773 532 1823 concitandum
543 1773 645 1832 bellum3
660 1773 798 1839 priusquam
805 1778 860 1841 plus
942 1815 947 1825 ,

115 1850 221 1899 hostium
237 1849 314 1911 ficret,
333 1848 428 1897 Volscis
444 1853 511 1897 arma
527 1847 617 1897 inserte
631 1849 715 1912 jussus,
734 1851 765 1900 ad
785 1854 859 1902 Satri·

84 1956 87 1963 ι
116 1942 172 1976 eum
185 1928 296 1974 exercitu
314 1924 401 1974 insello
417 1926 505 1991 pergit.
524 1929 573 1988 qud
589 1939 664 1988 quum
681 1926 793 1976 Antiates
804 1930 858 1978 alii-

116 2017 163 2067 que
175 2000 260 2053 Volsci
271 2003 411 2068 preparatis
419 2001 471 2063 jam
481 2003 544 2062 ante,
561 1999 649 2064 siquid
660 2000 692 2048 ab
707 2003 788 2052 Roma
802 2018 860 2055 mo·

116 2089 223 2142 veretur,
241 2081 319 2145 copiis
331 2077 495 2138 occurrissent,
513 2077 578 2126 nulla
589 2092 659 2126 mora
676 2079 740 2127 inter
753 2080 862 2133 infensor

115 2154 212 2205 diutino
224 2156 283 2206 odio
294 2155 427 2211 dimicandi
445 2152 507 2206 salia
518 2152 560 2201 esi.
595 2151 687 2217 Volsci,
702 2155 810 2209 ferocior
826 2158 863 2210 ad,

114 2233 291 2296 rebellandum,
308 2240 381 2298 quem
392 2232 423 2282 ad
434 2230 582 2293 bellandum,
591 2244 658 2293 gens,
675 2235 811 2290 certamine
819 2239 863 2287 vi„

115 2310 156 2371 ui,
172 2311 316 2375 sugdesfusi
333 2309 420 2359 Satrici
431 2309 521 2359 muenia
531 2317 627 2374 petunt.
646 2308 679 2374 de,
696 2325 728 2360 nc
738 2313 765 2360 in
781 2315 864 2365 muris.
951 2346 960 2353 .

116 2386 216 2452 quidem
227 2381 364 2437 satirfirm‘e
380 2385 430 2450 spe,
448 2400 525 2450 quum
545 2385 637 2434 toroni
653 2386 760 2437 militum
778 2389 863 2440 crarta.

112 2460 165 2523 jam
177 2460 245 2510 scalis
259 2470 387 2526 caperetur
398 2459 464 2521 urbe,
481 2459 512 2509 ad
528 2469 636 2523 quatuor
652 2462 729 2513 millia
740 2463 856 2528 militum,

113 2548 202 2606 praeter
211 2538 394 2588 multitudinem
410 2537 539 2599 imbellem,
556 2535 606 2586 sese
620 2537 743 2590 dedidere.
778 2543 859 2608 oppi,

114 2613 174 2663 dum
185 2613 294 2663 dirutum
305 2620 379 2678 atque
390 2613 514 2665 incensum
525 2631 531 2662 :
548 2613 581 2669 ab
594 2613 644 2664 aede
661 2624 758 2669 tantum
765 2620 863 2671 'unuin

114 2693 220 2740 Matuta
236 2691 370 2740 abssimrere
389 2693 481 2755 ignem.
516 2690 599 2741 Praeda
609 2695 690 2744 omnir
705 2697 856 2752 militidata.

118 2769 197 2816 Extra
215 2769 321 2834 predam
335 2779 442 2832 quatuor
456 2766 689 2839 milliadeditorum
705 2775 799 2830 habita.
816 2789 860 2824 eos

115 2843 212 2903 vindos
223 2843 307 2894 consul
323 2854 380 2893 ante
394 2861 493 2894 currum
504 2845 657 2909 triumphans
665 2848 717 2912 egit
725 2869 740 2900 :-
749 2851 864 2903 venditis.

88 2988 90 2990 v
115 2919 203 2975 deinde
214 2935 333 2988 maguam.
344 2921 473 2994 pecuniam
493 2921 520 2977 ‘ut
530 2919 642 2977 tretium
652 2923 755 2992 redegit·
788 2931 863 3013 sunt,

129 3030 133 3035 .
811 3017 860 3067 qun
