1964 3660
345 381 512 433 urrrn
544 382 620 431 vrn.
805 385 860 442 4⁸9

113 465 240 532 liquandiu
257 467 365 532 aequavit
382 482 498 533 pugnam,
514 467 566 529 jam
586 467 680 534 pridem
698 466 800 518 desueto
817 472 859 516 Sa-

114 546 196 595 mnite·
205 545 337 594 clamorem
347 547 452 595 Romani
464 546 586 594 exercitiis
596 546 658 611 pati.
693 551 735 608 At,
752 546 862 610 hercule,

116 623 159 671 illo
171 623 210 671 die
222 624 253 672 ab
264 625 326 674 hora
337 623 386 671 diei
398 623 470 672 tertia
482 621 512 670 ad
527 621 641 671 oilavam
653 625 686 672 ita
697 639 786 689 anceps
798 623 859 672 dici·-

115 711 156 748 tur
175 713 297 750 certamen
317 699 408 761 fictitie,
426 712 454 749 ut
468 714 547 764 neque
565 700 665 762 clamor,
683 711 712 750 ut
725 704 807 768 primo
823 701 863 749 se-

114 780 164 829 mel
182 781 303 829 concursu
320 781 354 828 cst
374 779 489 839 sublatus,
513 779 613 826 iteratus
631 777 673 838 nu
696 795 777 845 neque
794 781 862 844 signa

116 869 233 921 promota
251 859 317 920 loco,
334 868 434 906 retrove
454 866 567 920 recepta3
584 870 672 919 neque.
683 857 805 905 recursum
828 859 864 908 ab

116 934 165 981 ulla
176 934 204 983 sit
216 948 293 1000 parte.
329 938 358 983 In
372 935 415 985 suo
430 934 530 999 quisque
542 932 619 995 gradu
633 933 730 997 obnixi,
747 946 862 996 urgentes

116 1009 197 1073 scutis,
215 1012 263 1060 fine
275 1011 434 1077 respiratione
446 1027 474 1060 ac
487 1008 594 1074 rcspciiu
607 1010 758 1075 pugnabant.
777 1009 865 1059 smmi-i

116 1099 155 1138 tus
167 1092 272 1155 aqualis,
290 1103 409 1155 tenorque
427 1091 491 1139 idem
512 1104 599 1154 pugna
613 1090 639 1136 in
659 1087 867 1151 defatigationem,

116 1167 228 1216 ultimum
245 1181 288 1217 aut
299 1169 395 1218 notium
412 1167 543 1233 spediabat.
579 1169 634 1229 Jam
647 1166 708 1213 viris
720 1167 793 1228 vires,
808 1166 862 1228 jam

116 1245 182 1295 ferro
194 1248 236 1295 sua
248 1250 294 1309 vis,
304 1248 356 1310 jam
364 1247 463 1296 consilia
474 1245 577 1295 ducibus
589 1245 701 1293 deerant:
720 1260 794 1308 quum
806 1244 863 1294 sub·

115 1325 151 1372 itb
163 1326 309 1372 Samnitium
320 1325 421 1389 equites,
439 1340 523 1390 quum,
541 1324 620 1372 turmd
631 1324 680 1370 und
692 1324 791 1387 longius
802 1335 865 1387 pro·-

117 1402 194 1464 veut,
218 1402 371 1470 accepissent,
392 1403 566 1468 impedimenta
586 1405 755 1450 Romanorum
774 1397 866 1468 procui

116 1479 148 1528 ab
167 1481 264 1528 annatis
281 1480 330 1528 sinc
347 1480 466 1546 prasidio,
484 1480 532 1528 sine
549 1480 704 1528 munimento
720 1480 788 1540 stare,
805 1477 866 1526 avi-2

117 1557 193 1607 ditate
205 1559 291 1624 prada
303 1560 421 1626 impetum
433 1560 536 1609 faciunt.
548 1557 623 1622 Quod
634 1559 677 1607 ubi
690 1557 801 1608 didatori
812 1569 863 1606 tre-

116 1634 188 1702 pidus,
198 1640 304 1685 nuncius
312 1638 412 1696 attulit,
426 1639 475 1686 Sine
486 1636 553 1697 enodi,
572 1638 659 1700 inquit,
671 1639 718 1701 sese
726 1636 799 1702 predd
806 1646 862 1700 pre·

111 1714 209 1779 pediam.
246 1716 296 1763 Alii
307 1716 394 1764 deinde
407 1716 478 1780 super
489 1717 558 1774 alios,
574 1715 649 1778 diripi
660 1715 743 1778 passim
755 1715 865 1777 ferrique

115 1790 227 1840 fortunas
242 1793 357 1850 militum,
375 1793 584 1840 vociferabantur.
620 1795 689 1838 Tum
704 1791 820 1851 magistro
835 1805 865 1837 e-

116 1867 213 1930 quitum
230 1866 319 1925 accito,
343 1866 410 1912 Vides
424 1875 455 1924 tu,
480 1867 568 1928 inquit,
586 1865 630 1911 M.
650 1864 713 1924 Fati,
731 1863 757 1911 ab
774 1864 865 1925 bersiium

114 1940 183 2005 equite
192 1937 287 2002 omiffam
303 1941 422 2004 pugnam?
438 1939 514 1987 herent
531 1939 631 2001 impediti
650 1938 807 2001 impedimentis
823 1954 866 1986 no·-

109 2016 173 2078 stris.
209 2015 343 2080 Aggredere,
360 2015 414 2080 quod
430 2016 486 2064 iuter
502 2015 637 2081 praedandum
656 2016 713 2063 omni
733 2015 865 2064 multitudini

115 2093 197 2153 evenit,
213 2092 338 2156 diffipate‘s:
354 2108 415 2140 raros
431 2094 488 2157 equis
507 2091 623 2154 iulidenter,
640 2107 709 2152 raros,
726 2091 798 2156 quibus
809 2093 865 2157 fer.

115 2170 198 2217 rum-in
210 2186 273 2216 mauu
293 2180 317 2232 it,
335 2171 448 2218 iuvenies:
465 2172 562 2235 equosque
572 2170 621 2216 dum
630 2170 701 2233 predd
711 2180 806 2232 onerant,
823 2186 863 2219 ce·

116 2247 142 2294 de
153 2247 251 2308 iuemnes,
268 2257 415 2313 cruentamque
426 2247 468 2295 iliis
484 2247 576 2312 predam
588 2247 658 2294 redde.
696 2247 763 2294 Mihi
773 2247 865 2312 legiones

113 2324 250 2389 peditumque
259 2335 332 2390 pugna
343 2341 395 2373 eure
406 2334 488 2373 erunt:
503 2337 568 2389 penes
578 2333 604 2372 te⁴
614 2323 704 2389 equestre
709 2324 740 2387 fit
750 2325 818 2374 decus.

150 2403 277 2448 XXXIX.
296 2403 412 2466 Equitum
424 2403 495 2464 acics,
513 2402 590 2467 qualis
602 2417 656 2465 quae
674 2400 720 2449 eise
732 2399 864 2449 instruitis-

115 2476 174 2526 fima
186 2477 271 2542 potest,
288 2479 385 2527 invciia
397 2480 422 2527 in
440 2480 563 2544 dissipatos
582 2479 762 2545 impeditosque
774 2479 862 2541 hostes,

116 2552 181 2612 caede
193 2553 276 2601 omnia
289 2554 374 2617 replet.
392 2555 455 2601 inter
467 2555 571 2602 sarcinas
583 2554 680 2601 omissas
691 2559 797 2618 repente,
813 2554 866 2601 oba.

113 2629 221 2694 jacentes
240 2628 340 2696 pedibus
353 2630 500 2692 fugientium
516 2631 774 2694 consternatorumque
785 2646 864 2695 equo·⁴

115 2720 179 2767 rum,
196 2721 275 2770 neque
288 2721 383 2771 pugnae,
396 2721 475 2770 neque
487 2705 551 2766 fuga
563 2704 619 2753 satis
632 2715 751 2770 potentes,
765 2706 866 2756 cadum.

117 2793 165 2832 tur.
193 2788 271 2847 Tum,
283 2784 363 2833 deleto
376 2789 452 2851 propi
463 2787 575 2849 equitatu
586 2785 699 2847 hostium,
712 2788 750 2833 M.
764 2787 862 2850 Fabius,

116 2859 286 2909 circumductis
303 2862 428 2927 paululum
445 2862 497 2924 aiis,
514 2862 546 2911 ab
558 2872 627 2925 tergo
640 2861 772 2926 pedestrem
783 2863 863 2913 aciem

116 2936 236 2986 adoritur.
255 2939 348 2988 clamor
364 2940 421 2989 inde
441 2955 522 2990 novus
540 2939 652 2990 accidens
672 2941 697 2988 81
718 2939 863 2990 Samnitium

117 3012 204 3061 terruit
215 3014 323 3074 auimos;
342 3015 367 3063 ἃ
387 3014 498 3076 dictator,
515 3015 560 3063 ubi
579 3013 737 3080 respeiiautes
756 3014 864 3067 hostium

116 3087 294 3154 antesignanos,
312 3093 458 3159 turbataque
472 3093 548 3156 sigua,
567 3092 592 3141 ἃ
609 3091 767 3142 fluiiuantem
782 3092 863 3157 aciem

117 3167 191 3234 vidit,
209 3178 263 3219 tum
280 3169 410 3241 appellme,
421 3181 482 3222 ¹turn
492 3170 618 3224 adhortari
634 3172 733 3238 milites,
750 3168 864 3245 tribunos

141 3282 145 3287 ,
767 3249 860 3303 ptiner-
