1964 3660
168 232 218 286 Mt
428 234 660 287 T.L1V11

169 319 289 370 visionem
307 319 401 384 objici·
419 336 471 387 quo
487 321 552 372 sado
572 322 716 374 minuissent
735 322 916 378 defideriuma·

168 398 254 462 grariae
265 397 332 460 legis,
354 412 406 463 quae
418 396 520 463 possesso
538 414 633 465 per]
599 402 633 462 in]
628 401 714 450 uriam
733 416 794 465 agro
814 403 915 469 publico

167 474 251 524 Patres
263 474 376 540 pellebat.
412 478 487 524 Tunc
498 475 550 524 haee
565 477 617 549 ipsa
629 478 760 551 indignitas
771 481 877 545 angebat
888 496 915 528 a

167 553 257 615 nimos,
275 566 325 602 non
338 554 363 602 in
374 552 514 602 retinendis
518 540 594 602 modo
605 546 708 620 publicis
720 557 793 620 agris,
810 557 872 623 quos
887 555 914 605 vi

166 641 271 693 teneret,
288 632 437 697 pertinacem
457 631 613 680 nobilitatem
627 632 693 694 esse3
710 633 750 683 sod
764 649 796 686 ne
806 635 915 682 vacuum

164 706 268 772 quidem
279 723 374 772 agrurn,
391 722 470 774 nuper
480 722 513 756 ex
522 708 632 758 hollibus
649 719 757 776 captum,
775 707 915 776 plebidivi·

166 784 321 846 derepmox
333 786 424 852 paucis,
440 794 469 834 ut
478 796 567 848 cetera,
584 784 695 835 futurum
706 787 801 852 praedae.
820 785 915 835 E'odem

166 877 234 912 anno
245 860 362 912 adversus
379 858 491 924 Volscos,
509 859 656 928 populantes
671 861 835 911 Hernicorum
844 860 914 922 fines,

166 942 276 1005 legiones
285 939 386 1000 duiiaed
404 941 479 988 Furio
494 938 600 1003 consule,
618 955 694 1006 quum
705 939 799 988 hostem
810 940 845 988 ibi
862 952 913 987 nou

166 1017 321 1081 invenissent,
338 1018 505 1081 Ferentinum,
523 1021 574 1082 quo
592 1033 681 1082 magna
696 1017 830 1068 multitudo
850 1017 913 1067 Vol-

164 1097 264 1147 scotum
284 1094 308 1144 se
327 1094 471 1161 contulerat,
496 1110 591 1161 cepere.
617 1096 698 1144 minus
715 1096 810 1164 prada,
838 1099 912 1161 quam
956 1160 958 1163 Ι

165 1170 330 1238 speraverant,
348 1170 396 1219 suit
405 1188 418 1218 ι·
429 1169 496 1231 qnod
508 1169 601 1232 Volsci,
618 1171 814 1238 postquamspes
827 1170 912 1220 tuendi

165 1249 258 1313 exigua
268 1258 328 1312 erat,
339 1247 438 1296 sublatis
449 1240 529 1310 rebus,
536 1247 608 1296 node
618 1249 745 1315 oppidum:
750 1250 911 1315 reliquerunt.

138 1374 142 1383 ,
164 1325 262 1394 postero
271 1325 311 1374 die
322 1327 398 1392 prope
408 1322 530 1374 desertum
538 1326 643 1392 capittu.
669 1327 785 1376 Hernicis
791 1326 842 1395 ipse
852 1339 913 1391 ager

165 1401 326 1452 ἂοιιοωάιιιιι
408 1441 410 1444 .
472 1446 474 1450 .

162 1480 258 1528 LII.
277 1481 379 1527 Annum
390 1475 508 1528 modestia
522 1456 677 1528 tribunorum
692 1479 801 1542 quietum
810 1479 911 1545 excepit

160 1556 277 1610 tribunus
288 1554 373 1622 plebis,
387 1556 422 1602 L.
435 1554 520 1604 Icilius
520 1557 574 1619 ,0,.
586 1553 664 1604 Fabio
679 1553 807 1618 Ambusto,
821 1557 849 1604 C
862 1558 911 1604 Fu·

164 1636 203 1686 sio
218 1634 301 1685 Pacilo
312 1631 462 1682 consulibus.
496 1635 520 1682 Is
532 1638 609 1698 quum
618 1633 740 1700 principio
754 1632 833 1681 statim
841 1633 910 1695 anni,

163 1713 234 1764 velut
251 1710 353 1780 pensum
363 1710 471 1760 nominis
489 1711 645 1777 samiliaeque,
662 1709 792 1760 seditiones
808 1711 911 1774 agrariis

163 1792 259 1857 legibus
270 1788 454 1859 promulgandis
466 1790 541 1838 cieret
552 1808 559 1851 ς
576 1789 711 1858 pestilentia
721 1798 815 1852 coorta,
831 1789 909 1836 mina-

164 1873 219 1922 cios
229 1882 311 1920 tamen
332 1873 404 1935 quarn
424 1867 588 1934 perniciosior,
607 1867 770 1932 cogitationes
781 1865 909 1916 hominum

109 1974 115 1985 =
163 1950 246 2002 dioto
261 1946 481 2012 certaminibusque
494 1947 601 2015 publicis
612 1944 644 1996 ad
659 1944 762 1995 domum
777 1956 910 2009 curamque

163 2028 298 2096 corporum
306 2024 492 2079 nutriendorum
503 2024 604 2075 avertit.
626 2022 753 2088 minusque
770 2037 824 2071 eam
841 2021 909 2072 dam·

163 2103 250 2154 nosam
267 2101 345 2167 fuisse,
363 2107 437 2168 quim
445 2100 532 2150 seditio
540 2099 623 2151 sutura
631 2098 714 2163 suerit,
731 2099 839 2149 credunt.
857 2100 908 2148 De·'

162 2179 246 2232 fundi
262 2181 364 2228 civitate
379 2178 541 2243 plurimorum
552 2177 654 2239 morbis,
672 2177 798 2243 perpaucis
818 2175 908 2225 fruteri-

162 2257 217 2320 bus,
235 2255 384 2322 pestilentem
395 2268 487 2302 annum
504 2243 717 2319 inopiasrugum,
734 2251 845 2315 neglesto
856 2253 908 2302 cul-

161 2343 191 2385 tu
199 2343 330 2404 agrorum,
339 2331 378 2392 (ut
388 2329 532 2396 plerumque
542 2330 580 2399 sit)
591 2330 698 2396 excepit,
714 2332 753 2378 M.
764 2330 862 2396 Papirio
872 2335 909 2382 A·

163 2410 264 2472 tratino,
291 2410 321 2457 c.
344 2405 439 2455 Nautio
459 2404 545 2480 Rutilo
565 2403 713 2455 consulibus.
748 2406 804 2470 Jam
821 2405 908 2473 sames,

162 2494 236 2557 quim
251 2485 394 2555 pestilentia,
406 2484 574 2536 tristiores-it
593 2483 811 2549 ni,dimisiis'c1rca
822 2501 908 2538 omnes

162 2567 268 2638 populos
281 2565 375 2630 legatis,
392 2563 434 2629 qui
451 2562 581 2614 Etrusetun
591 2578 665 2628 mare,
683 2564 774 2630 quique
792 2564 907 2617 Tiberim

161 2646 284 2709 accolunt,
309 2642 340 2694 ad
355 2641 507 2692 frumentum
525 2639 694 2706 mercandum,
719 2656 823 2692 annone
841 2642 908 2695 soret

162 2722 325 2776 subventum
336 2720 445 2787 superbe
460 2720 493 2770 ab
505 2720 666 2785 Samnitibus,
678 2719 721 2786 qui
737 2724 847 2788 Capuam
861 2723 906 2772 ha-

161 2803 254 2856 bebant
274 2797 419 2866 Cumasque,
436 2798 512 2864 legati
529 2797 648 2866 prohibiti
665 2799 815 2850 commercio
831 2797 906 2852 sunt:

161 2891 249 2930 contra
259 2895 289 2928 ea
296 2875 402 2941 benigni
409 2876 440 2925 ab
453 2875 588 2932 Siculorum
599 2875 709 2941 tyrannis
720 2873 807 2938 adjuti.
823 2879 906 2928 maxi-

161 2969 215 3004 mos
224 2962 374 3003 commeatus
382 2950 478 3002 summo
486 2951 591 3000 Etruria
598 2949 678 3000 studio
688 2949 787 3001 Tiberis
794 2949 905 3005 devexit.

99 3042 102 3049 ’
161 3030 345 3085 Solitudinem
337 3044 364 3083 ιιι
383 3029 490 3085 eivinre
503 3042 568 3096 agra
585 3026 703 3098 expnu·
697 3028 911 3164 ωιῶωῖξιιιὲιὲι·

166 3148 170 3156 ,
570 3146 577 3156 -
891 3131 904 3164 Ι
