1964 3660
344 197 510 260 LIBER
543 209 593 259 sss.
797 221 846 272 199

96 292 165 344 lecit.
183 293 252 344 Bona
264 292 360 343 Claudii
373 297 496 362 Oppiique
507 295 600 345 tribuni
612 294 778 362 publicavere.
792 296 844 345 col·
920 356 927 372 x

96 369 157 434 legae
168 386 254 419 eorum
265 369 341 420 exsilii
353 372 424 420 causi
435 371 513 420 solum
524 381 666 421 verterunt:
685 372 750 421 bona
762 373 844 438 publi·

95 457 151 494 cata
162 446 228 495 sunt.
252 447 277 496 de
292 449 331 495 M.
349 447 472 510 Claudius,
488 445 590 497 assertor
603 449 729 512 virginiae,
748 449 789 497 die
805 450 842 499 di-¹

15 542 23 556 ·
96 520 135 570 fii
151 522 288 586 damnatur,
303 523 358 590 ipso
374 525 515 575 remittente
533 525 777 588 Virginioultimatn
792 543 843 594 pte.-

95 613 161 664 nam,
178 600 288 650 dimissus
303 602 386 650 Tibur
396 599 536 650 exsiliatum
549 602 624 651 abiit:
641 603 773 671 manesque
784 605 842 653 Vir·

93 678 176 741 giniae,
192 689 297 728 mortuae
308 684 382 744 quum
393 679 460 728 vivae
471 676 594 741 felicioris,
612 693 656 745 per
665 690 702 729 tot
716 679 803 730 domos
811 681 843 731 ad

94 753 211 820 petendas
222 755 405 821 poenas'vagati,
421 753 491 805 nullo
501 752 587 809 reuera
598 753 667 805 sonte
678 755 776 806 tandem
788 757 842 823 qui·

96 841 211 880 everunt.

128 909 200 957 LIX.
219 911 307 972 Ingens
318 898 396 957 metus
407 906 534 957 incesserat
546 909 636 971 Patres,
652 908 842 974 vultusquejam

35 1026 39 1032 .
93 982 169 1034 iidem
186 984 342 1034 tribunorum
361 995 439 1046 erant,
456 983 497 1048 qui
518 983 715 1033 decemvirorum
734 985 840 1050 fuerant,

93 1076 172 1125 qutun
191 1064 229 1111 M.
243 1063 340 1111 Duilius
361 1060 572 1125 tribunusplebis,
587 1058 697 1111 inhibito
714 1060 843 1115 salubriter

91 1136 169 1191 modo
178 1137 266 1187 ‚nimiae
278 1136 418 1203 potestatis,
444 1136 478 1193 Et
493 1134 608 1200 libertatis,
623 1137 712 1201 inquit,
730 1137 800 1200 nostre
814 1140 843 1190 da·

88 1223 241 1279 precaremur
250 1213 404 1277 inimicisstrtis
422 1210 464 1274 est.
483 1212 553 1280 itaque
562 1212 599 1261 boc
614 1224 667 1262 anno
678 1227 716 1262 nec
731 1214 789 1263 diem
799 1213 843 1275 dici

91 1289 197 1355 miceam,
213 1304 250 1338 ruc
260 1289 283 1337 in
292 1288 379 1345 vinula
388 1288 435 1339 duci
444 1303 569 1354 quemquam
574 1290 626 1354 firm
633 1287 739 1357 paffurus.
773 1295 843 1357 Nanr

91 1381 157 1433 erpere
166 1375 242 1416 vetera
248 1376 336 1433 peccata
351 1367 420 1433 repert
430 1367 486 1430 jernr
491 1365 603 1418 obliterata
613 1367 693 1433 placet,
709 1386 771 1436 quem
782 1386 843 1423 nova

90 1440 227 1509 expiatafint
243 1444 413 1497 decemuirorum
422 1444 552 1510 stcppliciis·;
569 1445 596 1494 dr
612 1443 666 1497 nibil
680 1445 790 1514 admifficm
802 1448 841 1514 iri,

89 1519 145 1588 qdod
153 1521 202 1574 vim
210 1520 343 1571 ninneton
354 1521 462 1587 desideret,
463 1520 563 1588 spondet,
563 1531 668 1589 perpetua
678 1525 781 1590 consulum
791 1543 841 1576 em-

90 1596 164 1648 tinem
175 1595 304 1653 inliberrim
320 1597 394 1662 vellra
407 1598 555 1651 tuendarum.
588 1601 625 1653 Ea
636 1600 744 1665 primum
754 1601 841 1661 mode,-

91 1675 159 1724 ratio
166 1675 258 1725 tribuni
268 1685 363 1725 metum
373 1674 486 1727 Patribus
498 1672 608 1740 dempsit,
626 1674 757 1740 eademque
767 1679 841 1733 auxit

92 1748 219 1814 consulum
232 1751 370 1811 invidiamr
387 1749 454 1815 qudd
465 1749 527 1799 adeo
537 1750 587 1799 toti
599 1749 676 1816 plebis
687 1746 794 1818 fuissent,
810 1765 841 1807 ut

89 1827 190 1880 Pamin
206 1826 289 1879 salutis
305 1825 472 1891 libertatisque
488 1827 558 1892 prior
571 1825 670 1892 plebeio
679 1829 841 1898 magistratui,

90 1909 165 1970 quarn
184 1906 300 1970 patricio,
315 1917 373 1953 cura
390 1900 484 1962 suisset;
501 1903 527 1956 δι
543 1911 601 1950 ante
617 1901 732 1952 inimicos
742 1902 841 1960 satietas

44 1978 47 1985 '
90 1985 218 2048 prunarum
230 1977 327 2029 suarum
333 1975 439 2042 cepisset,
445 1981 521 2041 quim
531 1975 634 2026 obvidm
645 1976 723 2029 ituros
734 1980 842 2036 licentia

89 2071 176 2107 eorum
193 2051 304 2105 consules
314 2059 453 2120 appareret.
486 2051 613 2116 Multique
627 2063 703 2118 erant,
721 2057 840 2121 quintol-

88 2134 135 2186 tius
144 2133 281 2184 consultum
293 2131 410 2195 dicerent,
426 2129 494 2196 quod
504 2128 587 2194 legum
597 2128 668 2180 abiis
678 2130 783 2184 latarum
793 2136 840 2193 Paf-

89 2221 137 2261 tres
148 2210 258 2260 artiores
273 2209 380 2261 fuissent.
402 2223 492 2275 neque,
503 2217 555 2259 erat
565 2206 676 2273 dubium,
694 2212 764 2278 quin,
785 2221 840 2266 tur·

88 2285 148 2336 bato
160 2288 300 2353 reipublicae
310 2288 379 2351 llatu,
397 2287 504 2354 tempori
516 2283 703 2337 succubuissent.

120 2365 178 2411 Lx,
198 2364 323 2428 Consules,
345 2365 416 2414 rebus
435 2362 535 2413 urbanis
552 2363 702 2430 compositis,
719 2365 838 2418 fundato.-

88 2452 136 2502 que
148 2437 224 2501 plebis
234 2440 304 2500 statu,
321 2442 348 2488 in
358 2440 600 2506 provinciardiverfi
613 2440 705 2492 abiere.
723 2445 838 2500 Valerius

87 2512 204 2563 adversus
216 2514 358 2576 conjunslos
368 2518 419 2579 jam
430 2516 555 2580 inAlgido
566 2519 689 2568 exereitus
697 2522 838 2583 AEquorum

89 2587 286 2653 Volscorumque
298 2589 408 2641 sustinuit
419 2593 520 2644 consilio
532 2594 633 2645 bellurn.
670 2595 744 2659 Quod
762 2596 778 2644 sr
790 2603 837 2646 exl-

87 2664 180 2730 tenrplo
197 2679 249 2713 rem
265 2666 370 2716 sortunae
386 2668 546 2734 commisisset,
569 2672 636 2721 baud
652 2671 711 2734 scio,
735 2684 766 2720 an
782 2672 838 2735 (qui

87 2753 144 2792 tum
154 2743 229 2792 animi
244 2742 276 2790 ab
295 2741 491 2795 decemvirorum
505 2747 644 2798 infelicibus
655 2747 768 2813 auspiciis
782 2751 838 2800 Ros»

87 2819 166 2869 manis
179 2818 334 2884 hostibusque
351 2827 429 2887 erant)
446 2838 537 2886 magno
548 2823 697 2886 detrimento
710 2834 836 2876 certamen

87 2896 204 2945 staturum
215 2895 297 2945 suerit.
333 2897 429 2961 Castris,
445 2898 512 2948 mille
522 2898 632 2965 passuum
642 2899 674 2948 ab
688 2900 756 2951 holle
770 2900 837 2969 poli·

87 2973 127 3040 tis,
138 2973 227 3042 ,copiae
245 2973 398 3028 continebat.
421 2975 502 3031 hoster
520 2975 630 3031 mettum
648 2977 712 3033 inter
723 2977 781 3032 bina
792 2984 835 3030 cat

449 3055 498 3120 14
783 3054 838 3116 itta
