<?xml version="1.0" encoding="UTF-8"?>
<!DOCTYPE html PUBLIC "-//W3C//DTD XHTML 1.0 Transitional//EN"
    "http://www.w3.org/TR/xhtml1/DTD/xhtml1-transitional.dtd">
<html xmlns="http://www.w3.org/1999/xhtml" xml:lang="en" lang="en">
 <head>
  <title>
</title>
<meta http-equiv="Content-Type" content="text/html;charset=utf-8" />
  <meta name='ocr-system' content='tesseract 3.04.00' />
  <meta name='ocr-capabilities' content='ocr_page ocr_carea ocr_par ocr_line ocrx_word'/>
</head>
<body>
  <div class='ocr_page' id='page_1' title='image "./titiliviipatavi00livygoog_0058.png"; bbox 0 0 1964 3660; ppageno 0'>
   <div class='ocr_carea' id='block_1_1' title="bbox 387 227 869 300">
    <p class='ocr_par' dir='ltr' id='par_1_1' title="bbox 387 227 869 300">
     <span class='ocr_line' id='line_1_1' title="bbox 387 227 869 300; baseline 0.006 -25"><span class='ocrx_word' id='word_1_1' title='bbox 387 227 610 281; x_wconf 70' lang='lat' dir='ltr'>errent.</span> <span class='ocrx_word' id='word_1_2' title='bbox 838 255 869 300; x_wconf 75' lang='lat'>43</span> 
     </span>
    </p>
   </div>
   <div class='ocr_carea' id='block_1_2' title="bbox 77 306 951 1820">
    <p class='ocr_par' dir='ltr' id='par_1_2' title="bbox 77 306 951 1820">
     <span class='ocr_line' id='line_1_2' title="bbox 125 306 871 383; baseline 0.023 -29"><span class='ocrx_word' id='word_1_3' title='bbox 125 306 214 368; x_wconf 87' lang='lat' dir='ltr'>secuta,</span> <span class='ocrx_word' id='word_1_4' title='bbox 233 321 307 372; x_wconf 81' lang='lat' dir='ltr'>quam</span> <span class='ocrx_word' id='word_1_5' title='bbox 326 308 351 356; x_wconf 90' lang='lat' dir='ltr'>in</span> <span class='ocrx_word' id='word_1_6' title='bbox 369 311 475 374; x_wconf 91' lang='lat' dir='ltr'>petendo</span> <span class='ocrx_word' id='word_1_7' title='bbox 492 313 619 378; x_wconf 83' lang='lat' dir='ltr'>habuerat,</span> <span class='ocrx_word' id='word_1_8' title='bbox 636 315 710 365; x_wconf 88' lang='lat' dir='ltr'>etiarn</span> <span class='ocrx_word' id='word_1_9' title='bbox 727 331 871 383; x_wconf 83' lang='lat' dir='ltr'>regnantem</span> 
     </span>
     <span class='ocr_line' id='line_1_3' title="bbox 125 383 870 460; baseline 0.023 -31"><span class='ocrx_word' id='word_1_10' title='bbox 125 383 229 431; x_wconf 86' lang='lat' dir='ltr'>ambitio</span> <span class='ocrx_word' id='word_1_11' title='bbox 241 385 282 431; x_wconf 85' lang='lat' dir='ltr'>est.</span> <span class='ocrx_word' id='word_1_12' title='bbox 296 400 339 433; x_wconf 86' lang='lat' dir='ltr'>nec</span> <span class='ocrx_word' id='word_1_13' title='bbox 348 386 428 434; x_wconf 81' lang='lat' dir='ltr'>minus</span> <span class='ocrx_word' id='word_1_14' title='bbox 436 390 505 450; x_wconf 87' lang='lat' dir='ltr'>regni</span> <span class='ocrx_word' id='word_1_15' title='bbox 517 389 552 437; x_wconf 91' lang='lat' dir='ltr'>sui</span> <span class='ocrx_word' id='word_1_16' title='bbox 561 389 682 454; x_wconf 88' lang='lat' dir='ltr'>firmandi,</span> <span class='ocrx_word' id='word_1_17' title='bbox 695 401 767 457; x_wconf 70' lang='lat' dir='ltr'>quim</span> <span class='ocrx_word' id='word_1_18' title='bbox 779 412 870 460; x_wconf 80' lang='lat' dir='ltr'>augen-</span> 
     </span>
     <span class='ocr_line' id='line_1_4' title="bbox 125 458 869 536; baseline 0.023 -32"><span class='ocrx_word' id='word_1_19' title='bbox 125 458 161 505; x_wconf 84' lang='lat' dir='ltr'>dae</span> <span class='ocrx_word' id='word_1_20' title='bbox 173 459 320 524; x_wconf 75' lang='lat' dir='ltr'>reipublicae,</span> <span class='ocrx_word' id='word_1_21' title='bbox 332 475 435 525; x_wconf 86' lang='lat' dir='ltr'>memor,</span> <span class='ocrx_word' id='word_1_22' title='bbox 447 475 545 512; x_wconf 90' lang='lat' dir='ltr'>centum</span> <span class='ocrx_word' id='word_1_23' title='bbox 556 467 582 513; x_wconf 93' lang='lat' dir='ltr'>in</span> <span class='ocrx_word' id='word_1_24' title='bbox 592 469 672 516; x_wconf 86' lang='lat' dir='ltr'>Patres</span> <span class='ocrx_word' id='word_1_25' title='bbox 678 470 755 532; x_wconf 70' lang='lat' dir='ltr'>iegit5</span> <span class='ocrx_word' id='word_1_26' title='bbox 773 474 815 536; x_wconf 91' lang='lat' dir='ltr'>qui</span> <span class='ocrx_word' id='word_1_27' title='bbox 827 473 869 521; x_wconf 87' lang='lat' dir='ltr'>de-</span> 
     </span>
     <span class='ocr_line' id='line_1_5' title="bbox 126 533 871 607; baseline 0.023 -25"><span class='ocrx_word' id='word_1_28' title='bbox 126 533 181 582; x_wconf 85' lang='lat' dir='ltr'>inde</span> <span class='ocrx_word' id='word_1_29' title='bbox 198 536 323 585; x_wconf 87' lang='lat' dir='ltr'>minorum</span> <span class='ocrx_word' id='word_1_30' title='bbox 334 539 443 598; x_wconf 86' lang='lat' dir='ltr'>gentium</span> <span class='ocrx_word' id='word_1_31' title='bbox 456 539 510 588; x_wconf 90' lang='lat' dir='ltr'>sunt</span> <span class='ocrx_word' id='word_1_32' title='bbox 521 543 644 607; x_wconf 85' lang='lat' dir='ltr'>appellati.</span> <span class='ocrx_word' id='word_1_33' title='bbox 668 545 740 595; x_wconf 73' lang='lat' dir='ltr'>suffio</span> <span class='ocrx_word' id='word_1_34' title='bbox 752 548 871 598; x_wconf 85' lang='lat' dir='ltr'>hauddu-</span> 
     </span>
     <span class='ocr_line' id='line_1_6' title="bbox 125 608 871 674; baseline 0.019 -17"><span class='ocrx_word' id='word_1_35' title='bbox 125 608 166 657; x_wconf 88' lang='lat' dir='ltr'>bia</span> <span class='ocrx_word' id='word_1_36' title='bbox 181 611 253 671; x_wconf 81' lang='lat' dir='ltr'>regis,</span> <span class='ocrx_word' id='word_1_37' title='bbox 271 611 466 672; x_wconf 85' lang='lat' dir='ltr'>cujusbeneficio</span> <span class='ocrx_word' id='word_1_38' title='bbox 478 615 605 664; x_wconf 86' lang='lat' dir='ltr'>incuriam</span> <span class='ocrx_word' id='word_1_39' title='bbox 616 630 743 668; x_wconf 87' lang='lat' dir='ltr'>venerant.</span> <span class='ocrx_word' id='word_1_40' title='bbox 777 623 871 674; x_wconf 87' lang='lat' dir='ltr'>Bellum</span> 
     </span>
     <span class='ocr_line' id='line_1_7' title="bbox 125 685 951 762; baseline 0.022 -31"><span class='ocrx_word' id='word_1_41' title='bbox 125 685 299 751; x_wconf 84' lang='lat' dir='ltr'>primumcum</span> <span class='ocrx_word' id='word_1_42' title='bbox 311 687 406 735; x_wconf 87' lang='lat' dir='ltr'>Latinis</span> <span class='ocrx_word' id='word_1_43' title='bbox 420 688 495 751; x_wconf 82' lang='lat' dir='ltr'>geffit,</span> <span class='ocrx_word' id='word_1_44' title='bbox 510 691 535 739; x_wconf 72' lang='grc' dir='ltr'>ἃ</span> <span class='ocrx_word' id='word_1_45' title='bbox 546 693 665 756; x_wconf 90' lang='lat' dir='ltr'>oppidum</span> <span class='ocrx_word' id='word_1_46' title='bbox 674 695 708 743; x_wconf 91' lang='lat' dir='ltr'>ibi</span> <span class='ocrx_word' id='word_1_47' title='bbox 718 697 836 762; x_wconf 79' lang='lat' dir='ltr'>AppioIas</span> <span class='ocrx_word' id='word_1_48' title='bbox 843 686 875 749; x_wconf 82' lang='lat' dir='ltr'>vi</span> <span class='ocrx_word' id='word_1_49' title='bbox 949 715 951 719; x_wconf 74' lang='grc'>’</span> 
     </span>
     <span class='ocr_line' id='line_1_8' title="bbox 125 762 870 834; baseline 0.019 -26"><span class='ocrx_word' id='word_1_50' title='bbox 125 762 204 827; x_wconf 85' lang='lat' dir='ltr'>cepit:</span> <span class='ocrx_word' id='word_1_51' title='bbox 223 763 351 828; x_wconf 69' lang='lat' dir='ltr'>praedique</span> <span class='ocrx_word' id='word_1_52' title='bbox 368 763 424 812; x_wconf 89' lang='lat' dir='ltr'>inde</span> <span class='ocrx_word' id='word_1_53' title='bbox 435 765 537 828; x_wconf 81' lang='lat' dir='ltr'>majore,</span> <span class='ocrx_word' id='word_1_54' title='bbox 552 773 625 831; x_wconf 72' lang='lat' dir='ltr'>quam</span> <span class='ocrx_word' id='word_1_55' title='bbox 637 781 727 834; x_wconf 87' lang='lat' dir='ltr'>quanta</span> <span class='ocrx_word' id='word_1_56' title='bbox 736 772 792 820; x_wconf 87' lang='lat' dir='ltr'>belli</span> <span class='ocrx_word' id='word_1_57' title='bbox 801 774 870 823; x_wconf 87' lang='lat' dir='ltr'>sama</span> 
     </span>
     <span class='ocr_line' id='line_1_9' title="bbox 124 836 870 914; baseline 0.017 -28"><span class='ocrx_word' id='word_1_58' title='bbox 124 836 210 902; x_wconf 83' lang='lat' dir='ltr'>suerat,</span> <span class='ocrx_word' id='word_1_59' title='bbox 228 839 332 902; x_wconf 66' lang='lat' dir='ltr'>revedit,</span> <span class='ocrx_word' id='word_1_60' title='bbox 352 840 423 890; x_wconf 84' lang='lat' dir='ltr'>ludos</span> <span class='ocrx_word' id='word_1_61' title='bbox 434 843 572 907; x_wconf 82' lang='lat' dir='ltr'>opulentius</span> <span class='ocrx_word' id='word_1_62' title='bbox 590 845 779 912; x_wconf 69' lang='lat' dir='ltr'>iustrusiiusque,</span> <span class='ocrx_word' id='word_1_63' title='bbox 797 856 870 914; x_wconf 62' lang='lat' dir='ltr'>quam</span> 
     </span>
     <span class='ocr_line' id='line_1_10' title="bbox 126 915 880 986; baseline 0.015 -24"><span class='ocrx_word' id='word_1_64' title='bbox 126 916 219 978; x_wconf 87' lang='lat' dir='ltr'>priores</span> <span class='ocrx_word' id='word_1_65' title='bbox 230 930 305 978; x_wconf 85' lang='lat' dir='ltr'>reges,</span> <span class='ocrx_word' id='word_1_66' title='bbox 315 915 382 964; x_wconf 82' lang='lat' dir='ltr'>feeit.</span> <span class='ocrx_word' id='word_1_67' title='bbox 406 920 475 965; x_wconf 88' lang='lat' dir='ltr'>Tum</span> <span class='ocrx_word' id='word_1_68' title='bbox 486 920 593 983; x_wconf 84' lang='lat' dir='ltr'>primum</span> <span class='ocrx_word' id='word_1_69' title='bbox 606 922 680 984; x_wconf 87' lang='lat' dir='ltr'>circo,</span> <span class='ocrx_word' id='word_1_70' title='bbox 690 925 731 986; x_wconf 92' lang='lat' dir='ltr'>qui</span> <span class='ocrx_word' id='word_1_71' title='bbox 742 940 806 972; x_wconf 89' lang='lat' dir='ltr'>nunc</span> <span class='ocrx_word' id='word_1_72' title='bbox 817 924 880 973; x_wconf 53' lang='lat' dir='ltr'>ma?</span> 
     </span>
     <span class='ocr_line' id='line_1_11' title="bbox 124 990 870 1054; baseline 0.013 -17"><span class='ocrx_word' id='word_1_73' title='bbox 124 990 207 1040; x_wconf 80' lang='lat' dir='ltr'>ximus</span> <span class='ocrx_word' id='word_1_74' title='bbox 223 990 320 1053; x_wconf 89' lang='lat' dir='ltr'>dicitur,</span> <span class='ocrx_word' id='word_1_75' title='bbox 340 991 474 1054; x_wconf 80' lang='lat' dir='ltr'>defignatus</span> <span class='ocrx_word' id='word_1_76' title='bbox 485 994 552 1043; x_wconf 89' lang='lat' dir='ltr'>locus</span> <span class='ocrx_word' id='word_1_77' title='bbox 564 995 605 1042; x_wconf 89' lang='lat' dir='ltr'>est.</span> <span class='ocrx_word' id='word_1_78' title='bbox 637 997 692 1045; x_wconf 87' lang='lat' dir='ltr'>loca</span> <span class='ocrx_word' id='word_1_79' title='bbox 703 997 781 1045; x_wconf 82' lang='lat' dir='ltr'>divisa</span> <span class='ocrx_word' id='word_1_80' title='bbox 793 1001 870 1047; x_wconf 84' lang='lat' dir='ltr'>Patri-</span> 
     </span>
     <span class='ocr_line' id='line_1_12' title="bbox 125 1063 871 1136; baseline 0.011 -24"><span class='ocrx_word' id='word_1_81' title='bbox 125 1063 170 1112; x_wconf 84' lang='lat' dir='ltr'>bus</span> <span class='ocrx_word' id='word_1_82' title='bbox 181 1065 358 1130; x_wconf 86' lang='lat' dir='ltr'>equitibusque,</span> <span class='ocrx_word' id='word_1_83' title='bbox 372 1066 416 1115; x_wconf 91' lang='lat' dir='ltr'>ubi</span> <span class='ocrx_word' id='word_1_84' title='bbox 429 1066 562 1133; x_wconf 71' lang='lat' dir='ltr'>spestacula</span> <span class='ocrx_word' id='word_1_85' title='bbox 582 1069 625 1118; x_wconf 86' lang='lat' dir='ltr'>stbi</span> <span class='ocrx_word' id='word_1_86' title='bbox 638 1069 739 1134; x_wconf 86' lang='lat' dir='ltr'>quisque</span> <span class='ocrx_word' id='word_1_87' title='bbox 755 1072 871 1136; x_wconf 83' lang='lat' dir='ltr'>facerent,</span> 
     </span>
     <span class='ocr_line' id='line_1_13' title="bbox 126 1140 870 1216; baseline 0.011 -28"><span class='ocrx_word' id='word_1_88' title='bbox 126 1142 147 1188; x_wconf 86' lang='lat' dir='ltr'>F</span> <span class='ocrx_word' id='word_1_89' title='bbox 148 1140 185 1216; x_wconf 79' lang='lat' dir='ltr'>ori</span> <span class='ocrx_word' id='word_1_90' title='bbox 194 1141 317 1206; x_wconf 84' lang='lat' dir='ltr'>appellati.</span> <span class='ocrx_word' id='word_1_91' title='bbox 335 1141 478 1208; x_wconf 71' lang='lat' dir='ltr'>spedavere</span> <span class='ocrx_word' id='word_1_92' title='bbox 486 1143 560 1194; x_wconf 84' lang='lat' dir='ltr'>furcis</span> <span class='ocrx_word' id='word_1_93' title='bbox 569 1144 695 1194; x_wconf 87' lang='lat' dir='ltr'>duodenos</span> <span class='ocrx_word' id='word_1_94' title='bbox 702 1147 734 1194; x_wconf 82' lang='lat' dir='ltr'>&#39;ab</span> <span class='ocrx_word' id='word_1_95' title='bbox 747 1157 810 1196; x_wconf 84' lang='lat' dir='ltr'>terra</span> <span class='ocrx_word' id='word_1_96' title='bbox 818 1146 870 1216; x_wconf 87' lang='lat' dir='ltr'>spe-</span> 
     </span>
     <span class='ocr_line' id='line_1_14' title="bbox 116 1216 871 1291; baseline 0.008 -25"><span class='ocrx_word' id='word_1_97' title='bbox 116 1216 218 1267; x_wconf 72' lang='lat' dir='ltr'>‘nacula</span> <span class='ocrx_word' id='word_1_98' title='bbox 226 1219 274 1267; x_wconf 85' lang='lat' dir='ltr'>alta</span> <span class='ocrx_word' id='word_1_99' title='bbox 285 1219 452 1269; x_wconf 83' lang='lat' dir='ltr'>sustinentibus</span> <span class='ocrx_word' id='word_1_100' title='bbox 460 1219 540 1286; x_wconf 83' lang='lat' dir='ltr'>pedes.</span> <span class='ocrx_word' id='word_1_101' title='bbox 551 1221 750 1285; x_wconf 59' lang='lat' dir='ltr'>Ludicrumisuit,</span> <span class='ocrx_word' id='word_1_102' title='bbox 760 1225 816 1288; x_wconf 90' lang='lat' dir='ltr'>equi</span> <span class='ocrx_word' id='word_1_103' title='bbox 825 1239 871 1291; x_wconf 89' lang='lat' dir='ltr'>pu·</span> 
     </span>
     <span class='ocr_line' id='line_1_15' title="bbox 126 1293 873 1363; baseline 0.005 -19"><span class='ocrx_word' id='word_1_104' title='bbox 126 1295 232 1363; x_wconf 87' lang='lat' dir='ltr'>gilesque</span> <span class='ocrx_word' id='word_1_105' title='bbox 244 1311 276 1345; x_wconf 82' lang='lat' dir='ltr'>ex</span> <span class='ocrx_word' id='word_1_106' title='bbox 286 1293 381 1347; x_wconf 82' lang='lat' dir='ltr'>Etruria</span> <span class='ocrx_word' id='word_1_107' title='bbox 391 1298 498 1346; x_wconf 76' lang='lat' dir='ltr'>maxime</span> <span class='ocrx_word' id='word_1_108' title='bbox 509 1300 589 1346; x_wconf 90' lang='lat' dir='ltr'>acciti.</span> <span class='ocrx_word' id='word_1_109' title='bbox 617 1297 726 1347; x_wconf 84' lang='lat' dir='ltr'>solennes</span> <span class='ocrx_word' id='word_1_110' title='bbox 734 1298 820 1348; x_wconf 89' lang='lat' dir='ltr'>deinde</span> <span class='ocrx_word' id='word_1_111' title='bbox 830 1308 873 1348; x_wconf 49' lang='lat' dir='ltr'>an*</span> 
     </span>
     <span class='ocr_line' id='line_1_16' title="bbox 126 1374 872 1450; baseline -0.001 -28"><span class='ocrx_word' id='word_1_112' title='bbox 126 1375 169 1422; x_wconf 90' lang='lat' dir='ltr'>nui</span> <span class='ocrx_word' id='word_1_113' title='bbox 189 1375 297 1422; x_wconf 88' lang='lat' dir='ltr'>mansere</span> <span class='ocrx_word' id='word_1_114' title='bbox 316 1374 374 1438; x_wconf 93' lang='lat' dir='ltr'>ludi,</span> <span class='ocrx_word' id='word_1_115' title='bbox 392 1375 497 1423; x_wconf 87' lang='lat' dir='ltr'>Romani</span> <span class='ocrx_word' id='word_1_116' title='bbox 513 1375 648 1450; x_wconf 75' lang='lat' dir='ltr'>Magnique</span> <span class='ocrx_word' id='word_1_117' title='bbox 664 1375 731 1423; x_wconf 78' lang='lat' dir='ltr'>varie</span> <span class='ocrx_word' id='word_1_118' title='bbox 746 1375 872 1441; x_wconf 83' lang='lat' dir='ltr'>appellati.</span> 
     </span>
     <span class='ocr_line' id='line_1_17' title="bbox 127 1449 872 1517; baseline 0 -19"><span class='ocrx_word' id='word_1_119' title='bbox 127 1451 168 1499; x_wconf 86' lang='lat' dir='ltr'>nb</span> <span class='ocrx_word' id='word_1_120' title='bbox 180 1449 265 1500; x_wconf 91' lang='lat' dir='ltr'>eodem</span> <span class='ocrx_word' id='word_1_121' title='bbox 278 1451 368 1514; x_wconf 81' lang='lat' dir='ltr'>rege&amp;</span> <span class='ocrx_word' id='word_1_122' title='bbox 379 1450 533 1500; x_wconf 85' lang='lat' dir='ltr'>eireasorum</span> <span class='ocrx_word' id='word_1_123' title='bbox 545 1451 646 1517; x_wconf 88' lang='lat' dir='ltr'>privatis</span> <span class='ocrx_word' id='word_1_124' title='bbox 656 1450 699 1501; x_wconf 85' lang='lat' dir='ltr'>aedi</span> <span class='ocrx_word' id='word_1_125' title='bbox 781 1466 795 1500; x_wconf 85' lang='lat' dir='ltr'>a</span> <span class='ocrx_word' id='word_1_126' title='bbox 807 1449 872 1500; x_wconf 82' lang='lat' dir='ltr'>divi·</span> 
     </span>
     <span class='ocr_line' id='line_1_18' title="bbox 77 1523 828 1596; baseline -0.003 -20"><span class='ocrx_word' id='word_1_127' title='bbox 77 1529 81 1532; x_wconf 79' lang='grc'><strong>’</strong></span> <span class='ocrx_word' id='word_1_128' title='bbox 127 1523 153 1576; x_wconf 86' lang='lat' dir='ltr'>sa</span> <span class='ocrx_word' id='word_1_129' title='bbox 164 1525 219 1575; x_wconf 90' lang='lat' dir='ltr'>sunt</span> <span class='ocrx_word' id='word_1_130' title='bbox 234 1526 301 1587; x_wconf 78' lang='lat' dir='ltr'>loca3</span> <span class='ocrx_word' id='word_1_131' title='bbox 319 1528 439 1592; x_wconf 83' lang='lat' dir='ltr'>porticus,</span> <span class='ocrx_word' id='word_1_132' title='bbox 451 1526 605 1596; x_wconf 58' lang='lat' dir='ltr'>Qe</span> <span class='ocrx_word' id='word_1_133' title='bbox 619 1525 695 1575; x_wconf 66' lang='lat' dir='ltr'>sasiae.</span> <span class='ocrx_word' id='word_1_134' title='bbox 788 1529 828 1556; x_wconf 51' lang='grc' dir='ltr'><em>Μ</em></span> 
     </span>
     <span class='ocr_line' id='line_1_19' title="bbox 158 1600 872 1666; baseline 0.003 -17"><span class='ocrx_word' id='word_1_135' title='bbox 158 1604 282 1649; x_wconf 87' lang='lat' dir='ltr'>XXXVI.</span> <span class='ocrx_word' id='word_1_136' title='bbox 301 1605 376 1649; x_wconf 86' lang='lat' dir='ltr'>Muto</span> <span class='ocrx_word' id='word_1_137' title='bbox 390 1616 488 1665; x_wconf 91' lang='lat' dir='ltr'>quoque</span> <span class='ocrx_word' id='word_1_138' title='bbox 507 1600 604 1666; x_wconf 83' lang='lat' dir='ltr'>lapideo</span> <span class='ocrx_word' id='word_1_139' title='bbox 623 1600 773 1650; x_wconf 87' lang='lat' dir='ltr'>circumdate</span> <span class='ocrx_word' id='word_1_140' title='bbox 784 1600 872 1652; x_wconf 87' lang='lat' dir='ltr'>urbem</span> 
     </span>
     <span class='ocr_line' id='line_1_20' title="bbox 127 1677 871 1745; baseline 0 -19"><span class='ocrx_word' id='word_1_141' title='bbox 127 1678 237 1745; x_wconf 83' lang='lat' dir='ltr'>parabat,</span> <span class='ocrx_word' id='word_1_142' title='bbox 255 1693 331 1742; x_wconf 88' lang='lat' dir='ltr'>quum</span> <span class='ocrx_word' id='word_1_143' title='bbox 342 1678 456 1726; x_wconf 87' lang='lat' dir='ltr'>Sabinum</span> <span class='ocrx_word' id='word_1_144' title='bbox 467 1677 558 1725; x_wconf 88' lang='lat' dir='ltr'>bellum</span> <span class='ocrx_word' id='word_1_145' title='bbox 568 1679 651 1742; x_wconf 83' lang='lat' dir='ltr'>coeptis</span> <span class='ocrx_word' id='word_1_146' title='bbox 659 1679 800 1726; x_wconf 85' lang='lat' dir='ltr'>intervenit.</span> <span class='ocrx_word' id='word_1_147' title='bbox 836 1680 871 1726; x_wconf 81' lang='lat' dir='ltr'>A·</span> 
     </span>
     <span class='ocr_line' id='line_1_21' title="bbox 126 1753 873 1820; baseline -0.005 -16"><span class='ocrx_word' id='word_1_148' title='bbox 126 1755 222 1820; x_wconf 77' lang='lat' dir='ltr'>deoque</span> <span class='ocrx_word' id='word_1_149' title='bbox 233 1770 262 1803; x_wconf 86' lang='lat' dir='ltr'>ea</span> <span class='ocrx_word' id='word_1_150' title='bbox 278 1755 357 1804; x_wconf 87' lang='lat' dir='ltr'>subita</span> <span class='ocrx_word' id='word_1_151' title='bbox 374 1753 475 1816; x_wconf 78' lang='lat' dir='ltr'>tensuit,</span> <span class='ocrx_word' id='word_1_152' title='bbox 494 1764 522 1801; x_wconf 92' lang='lat' dir='ltr'>ut</span> <span class='ocrx_word' id='word_1_153' title='bbox 533 1755 600 1820; x_wconf 82' lang='lat' dir='ltr'>prius</span> <span class='ocrx_word' id='word_1_154' title='bbox 613 1755 733 1802; x_wconf 85' lang='lat' dir='ltr'>Anienem</span> <span class='ocrx_word' id='word_1_155' title='bbox 746 1753 873 1802; x_wconf 79' lang='lat' dir='ltr'>transirent</span> 
     </span>
    </p>
   </div>
   <div class='ocr_carea' id='block_1_3' title="bbox 127 1829 950 1896">
    <p class='ocr_par' dir='ltr' id='par_1_3' title="bbox 127 1829 950 1896">
     <span class='ocr_line' id='line_1_22' title="bbox 127 1829 950 1896; baseline 0 -18"><span class='ocrx_word' id='word_1_156' title='bbox 127 1830 213 1894; x_wconf 84' lang='lat' dir='ltr'>hostes,</span> <span class='ocrx_word' id='word_1_157' title='bbox 230 1837 303 1896; x_wconf 66' lang='lat' dir='ltr'>quem</span> <span class='ocrx_word' id='word_1_158' title='bbox 312 1831 414 1879; x_wconf 88' lang='lat' dir='ltr'>obviam</span> <span class='ocrx_word' id='word_1_159' title='bbox 423 1830 457 1878; x_wconf 89' lang='lat' dir='ltr'>ite</span> <span class='ocrx_word' id='word_1_160' title='bbox 469 1845 497 1877; x_wconf 88' lang='lat' dir='ltr'>ac</span> <span class='ocrx_word' id='word_1_161' title='bbox 512 1829 641 1894; x_wconf 86' lang='lat' dir='ltr'>prohibere</span> <span class='ocrx_word' id='word_1_162' title='bbox 650 1830 771 1878; x_wconf 86' lang='lat' dir='ltr'>exercitus</span> <span class='ocrx_word' id='word_1_163' title='bbox 780 1832 872 1880; x_wconf 84' lang='lat' dir='ltr'>Roma-</span> <span class='ocrx_word' id='word_1_164' title='bbox 946 1856 950 1860; x_wconf 96' lang='lat'><em>-</em></span> 
     </span>
    </p>
   </div>
   <div class='ocr_carea' id='block_1_4' title="bbox 125 1903 873 2275">
    <p class='ocr_par' dir='ltr' id='par_1_4' title="bbox 125 1903 873 2275">
     <span class='ocr_line' id='line_1_23' title="bbox 126 1903 872 1973; baseline -0.003 -17"><span class='ocrx_word' id='word_1_165' title='bbox 126 1920 172 1955; x_wconf 90' lang='lat' dir='ltr'>nus</span> <span class='ocrx_word' id='word_1_166' title='bbox 181 1905 267 1973; x_wconf 84' lang='lat' dir='ltr'>posset.</span> <span class='ocrx_word' id='word_1_167' title='bbox 289 1909 374 1969; x_wconf 89' lang='lat' dir='ltr'>Itaque</span> <span class='ocrx_word' id='word_1_168' title='bbox 386 1904 534 1970; x_wconf 88' lang='lat' dir='ltr'>trepidatum</span> <span class='ocrx_word' id='word_1_169' title='bbox 542 1907 628 1967; x_wconf 77' lang='lat' dir='ltr'>Roma</span> <span class='ocrx_word' id='word_1_170' title='bbox 639 1905 680 1953; x_wconf 88' lang='lat' dir='ltr'>est.</span> <span class='ocrx_word' id='word_1_171' title='bbox 701 1904 726 1953; x_wconf 77' lang='grc' dir='ltr'>δι</span> <span class='ocrx_word' id='word_1_172' title='bbox 735 1906 815 1970; x_wconf 80' lang='lat' dir='ltr'>primo</span> <span class='ocrx_word' id='word_1_173' title='bbox 825 1903 872 1954; x_wconf 89' lang='lat' dir='ltr'>du·</span> 
     </span>
     <span class='ocr_line' id='line_1_24' title="bbox 125 1977 872 2044; baseline -0.008 -12"><span class='ocrx_word' id='word_1_174' title='bbox 125 1982 167 2032; x_wconf 75' lang='lat' dir='ltr'>bit</span> <span class='ocrx_word' id='word_1_175' title='bbox 177 1981 291 2042; x_wconf 61' lang='lat' dir='ltr'>visione,</span> <span class='ocrx_word' id='word_1_176' title='bbox 302 1980 391 2042; x_wconf 62' lang='lat' dir='ltr'>magn&amp;</span> <span class='ocrx_word' id='word_1_177' title='bbox 401 1980 514 2042; x_wconf 87' lang='lat' dir='ltr'>utrinque</span> <span class='ocrx_word' id='word_1_178' title='bbox 525 1977 598 2040; x_wconf 77' lang='lat' dir='ltr'>eaede,</span> <span class='ocrx_word' id='word_1_179' title='bbox 607 1987 744 2044; x_wconf 83' lang='lat' dir='ltr'>pugnatum</span> <span class='ocrx_word' id='word_1_180' title='bbox 752 1979 793 2027; x_wconf 84' lang='lat' dir='ltr'>est.</span> <span class='ocrx_word' id='word_1_181' title='bbox 824 1982 872 2028; x_wconf 90' lang='lat' dir='ltr'>Re-</span> 
     </span>
     <span class='ocr_line' id='line_1_25' title="bbox 126 2047 873 2121; baseline -0.005 -12"><span class='ocrx_word' id='word_1_182' title='bbox 126 2047 204 2110; x_wconf 63' lang='lat' dir='ltr'>duiiis</span> <span class='ocrx_word' id='word_1_183' title='bbox 220 2057 308 2106; x_wconf 89' lang='lat' dir='ltr'>deinde</span> <span class='ocrx_word' id='word_1_184' title='bbox 319 2058 344 2105; x_wconf 91' lang='lat' dir='ltr'>in</span> <span class='ocrx_word' id='word_1_185' title='bbox 362 2055 436 2105; x_wconf 83' lang='lat' dir='ltr'>casira</span> <span class='ocrx_word' id='word_1_186' title='bbox 450 2055 555 2103; x_wconf 79' lang='lat' dir='ltr'>hostium</span> <span class='ocrx_word' id='word_1_187' title='bbox 569 2055 655 2121; x_wconf 85' lang='lat' dir='ltr'>copiis,</span> <span class='ocrx_word' id='word_1_188' title='bbox 672 2054 779 2120; x_wconf 88' lang='lat' dir='ltr'>datoque</span> <span class='ocrx_word' id='word_1_189' title='bbox 793 2053 873 2121; x_wconf 88' lang='lat' dir='ltr'>spatio</span> 
     </span>
     <span class='ocr_line' id='line_1_26' title="bbox 127 2128 873 2197; baseline -0.008 -13"><span class='ocrx_word' id='word_1_190' title='bbox 127 2132 254 2195; x_wconf 82' lang='lat' dir='ltr'>Romanis,</span> <span class='ocrx_word' id='word_1_191' title='bbox 264 2131 295 2180; x_wconf 84' lang='lat' dir='ltr'>ad</span> <span class='ocrx_word' id='word_1_192' title='bbox 306 2129 497 2197; x_wconf 78' lang='lat' dir='ltr'>comparandum</span> <span class='ocrx_word' id='word_1_193' title='bbox 509 2128 539 2177; x_wconf 89' lang='lat' dir='ltr'>de</span> <span class='ocrx_word' id='word_1_194' title='bbox 550 2129 646 2192; x_wconf 82' lang='lat' dir='ltr'>integro</span> <span class='ocrx_word' id='word_1_195' title='bbox 657 2128 757 2193; x_wconf 84' lang='lat' dir='ltr'>bellum,</span> <span class='ocrx_word' id='word_1_196' title='bbox 765 2130 873 2195; x_wconf 86' lang='lat' dir='ltr'>Tarqui-</span> 
     </span>
     <span class='ocr_line' id='line_1_27' title="bbox 127 2204 873 2275; baseline -0.007 -14"><span class='ocrx_word' id='word_1_197' title='bbox 127 2213 189 2275; x_wconf 78' lang='lat' dir='ltr'>nius,</span> <span class='ocrx_word' id='word_1_198' title='bbox 201 2209 309 2275; x_wconf 87' lang='lat' dir='ltr'>equitem</span> <span class='ocrx_word' id='word_1_199' title='bbox 319 2208 427 2256; x_wconf 73' lang='lat' dir='ltr'>maxime</span> <span class='ocrx_word' id='word_1_200' title='bbox 439 2206 486 2256; x_wconf 86' lang='lat' dir='ltr'>siris</span> <span class='ocrx_word' id='word_1_201' title='bbox 496 2204 572 2255; x_wconf 87' lang='lat' dir='ltr'>deesse</span> <span class='ocrx_word' id='word_1_202' title='bbox 581 2205 675 2255; x_wconf 74' lang='lat' dir='ltr'>viribus</span> <span class='ocrx_word' id='word_1_203' title='bbox 685 2217 759 2272; x_wconf 84' lang='lat' dir='ltr'>ratur,</span> <span class='ocrx_word' id='word_1_204' title='bbox 776 2205 806 2256; x_wconf 90' lang='lat' dir='ltr'>ad</span> <span class='ocrx_word' id='word_1_205' title='bbox 818 2209 873 2256; x_wconf 79' lang='lat' dir='ltr'>Ra-</span> 
     </span>
    </p>
   </div>
   <div class='ocr_carea' id='block_1_5' title="bbox 127 2281 958 2349">
    <p class='ocr_par' dir='ltr' id='par_1_5' title="bbox 127 2281 958 2349">
     <span class='ocr_line' id='line_1_28' title="bbox 127 2281 958 2349; baseline -0.005 -11"><span class='ocrx_word' id='word_1_206' title='bbox 127 2304 203 2349; x_wconf 91' lang='lat' dir='ltr'>mnes,</span> <span class='ocrx_word' id='word_1_207' title='bbox 218 2283 352 2346; x_wconf 88' lang='lat' dir='ltr'>Tatienses,</span> <span class='ocrx_word' id='word_1_208' title='bbox 363 2286 475 2344; x_wconf 86' lang='lat' dir='ltr'>Luceres,</span> <span class='ocrx_word' id='word_1_209' title='bbox 487 2298 546 2348; x_wconf 86' lang='lat' dir='ltr'>quas</span> <span class='ocrx_word' id='word_1_210' title='bbox 556 2284 679 2331; x_wconf 85' lang='lat' dir='ltr'>centurias</span> <span class='ocrx_word' id='word_1_211' title='bbox 687 2283 806 2333; x_wconf 78' lang='lat' dir='ltr'>Romulus</span> <span class='ocrx_word' id='word_1_212' title='bbox 815 2281 872 2332; x_wconf 87' lang='lat' dir='ltr'>scri·</span> <span class='ocrx_word' id='word_1_213' title='bbox 955 2328 958 2334; x_wconf 92' lang='lat'><em>.</em></span> 
     </span>
    </p>
   </div>
   <div class='ocr_carea' id='block_1_6' title="bbox 129 2353 873 2502">
    <p class='ocr_par' dir='ltr' id='par_1_6' title="bbox 129 2353 873 2502">
     <span class='ocr_line' id='line_1_29' title="bbox 129 2353 871 2431; baseline -0.007 -19"><span class='ocrx_word' id='word_1_214' title='bbox 129 2365 216 2431; x_wconf 85' lang='lat' dir='ltr'>pserat,</span> <span class='ocrx_word' id='word_1_215' title='bbox 224 2362 312 2413; x_wconf 88' lang='lat' dir='ltr'>addere</span> <span class='ocrx_word' id='word_1_216' title='bbox 322 2362 380 2409; x_wconf 81' lang='lat' dir='ltr'>alias</span> <span class='ocrx_word' id='word_1_217' title='bbox 389 2361 519 2423; x_wconf 82' lang='lat' dir='ltr'>constituit,</span> <span class='ocrx_word' id='word_1_218' title='bbox 531 2359 623 2424; x_wconf 79' lang='lat' dir='ltr'>suoque</span> <span class='ocrx_word' id='word_1_219' title='bbox 637 2353 740 2424; x_wconf 80' lang='lat' dir='ltr'>insignes</span> <span class='ocrx_word' id='word_1_220' title='bbox 750 2360 871 2424; x_wconf 88' lang='lat' dir='ltr'>relinque-</span> 
     </span>
     <span class='ocr_line' id='line_1_30' title="bbox 129 2436 873 2502; baseline -0.009 -12"><span class='ocrx_word' id='word_1_221' title='bbox 129 2455 156 2490; x_wconf 88' lang='lat' dir='ltr'>re</span> <span class='ocrx_word' id='word_1_222' title='bbox 168 2441 274 2490; x_wconf 90' lang='lat' dir='ltr'>nomine.</span> <span class='ocrx_word' id='word_1_223' title='bbox 310 2437 339 2486; x_wconf 86' lang='lat' dir='ltr'>Id</span> <span class='ocrx_word' id='word_1_224' title='bbox 353 2438 411 2502; x_wconf 86' lang='lat' dir='ltr'>quia</span> <span class='ocrx_word' id='word_1_225' title='bbox 422 2437 568 2499; x_wconf 80' lang='lat' dir='ltr'>inaugurato</span> <span class='ocrx_word' id='word_1_226' title='bbox 578 2436 697 2486; x_wconf 87' lang='lat' dir='ltr'>Romulus</span> <span class='ocrx_word' id='word_1_227' title='bbox 712 2436 809 2499; x_wconf 82' lang='lat' dir='ltr'>fecerat,</span> <span class='ocrx_word' id='word_1_228' title='bbox 829 2450 873 2484; x_wconf 87' lang='lat' dir='ltr'>ne-</span> 
     </span>
    </p>
   </div>
   <div class='ocr_carea' id='block_1_7' title="bbox 53 2511 872 2580">
    <p class='ocr_par' dir='ltr' id='par_1_7' title="bbox 53 2511 872 2580">
     <span class='ocr_line' id='line_1_31' title="bbox 53 2511 872 2580; baseline -0.013 -12"><span class='ocrx_word' id='word_1_229' title='bbox 53 2563 57 2569; x_wconf 91' lang='lat'>.</span> <span class='ocrx_word' id='word_1_230' title='bbox 130 2530 186 2580; x_wconf 83' lang='lat' dir='ltr'>gare</span> <span class='ocrx_word' id='word_1_231' title='bbox 199 2521 271 2564; x_wconf 82' lang='lat' dir='ltr'>Attus</span> <span class='ocrx_word' id='word_1_232' title='bbox 282 2514 386 2574; x_wconf 81' lang='lat' dir='ltr'>Navius,</span> <span class='ocrx_word' id='word_1_233' title='bbox 402 2512 507 2576; x_wconf 87' lang='lat' dir='ltr'>inclytus</span> <span class='ocrx_word' id='word_1_234' title='bbox 522 2512 553 2559; x_wconf 67' lang='lat' dir='ltr'>ed</span> <span class='ocrx_word' id='word_1_235' title='bbox 567 2511 709 2575; x_wconf 85' lang='lat' dir='ltr'>tempestate</span> <span class='ocrx_word' id='word_1_236' title='bbox 724 2526 809 2573; x_wconf 82' lang='lat' dir='ltr'>augur,</span> <span class='ocrx_word' id='word_1_237' title='bbox 829 2525 872 2557; x_wconf 92' lang='lat' dir='ltr'>ne-</span> 
     </span>
    </p>
   </div>
   <div class='ocr_carea' id='block_1_8' title="bbox 131 2582 872 2658">
    <p class='ocr_par' dir='ltr' id='par_1_8' title="bbox 131 2582 872 2658">
     <span class='ocr_line' id='line_1_32' title="bbox 131 2582 872 2658; baseline -0.011 -16"><span class='ocrx_word' id='word_1_238' title='bbox 131 2608 178 2658; x_wconf 90' lang='lat' dir='ltr'>que</span> <span class='ocrx_word' id='word_1_239' title='bbox 192 2591 289 2652; x_wconf 81' lang='lat' dir='ltr'>mutari,</span> <span class='ocrx_word' id='word_1_240' title='bbox 306 2582 389 2653; x_wconf 78' lang='lat' dir='ltr'>neque</span> <span class='ocrx_word' id='word_1_241' title='bbox 398 2602 493 2636; x_wconf 76' lang='lat' dir='ltr'>novum</span> <span class='ocrx_word' id='word_1_242' title='bbox 504 2587 624 2647; x_wconf 87' lang='lat' dir='ltr'>constitui,</span> <span class='ocrx_word' id='word_1_243' title='bbox 637 2587 680 2634; x_wconf 80' lang='lat' dir='ltr'>nist</span> <span class='ocrx_word' id='word_1_244' title='bbox 691 2601 749 2634; x_wconf 79' lang='lat' dir='ltr'>aves</span> <span class='ocrx_word' id='word_1_245' title='bbox 766 2584 872 2634; x_wconf 77' lang='lat' dir='ltr'>addixis-</span> 
     </span>
    </p>
   </div>
   <div class='ocr_carea' id='block_1_9' title="bbox 130 2650 875 2731">
    <p class='ocr_par' dir='ltr' id='par_1_9' title="bbox 130 2650 978 2731">
     <span class='ocr_line' id='line_1_33' title="bbox 130 2650 875 2731; baseline -0.012 -14"><span class='ocrx_word' id='word_1_246' title='bbox 130 2670 191 2729; x_wconf 88' lang='lat' dir='ltr'>sent,</span> <span class='ocrx_word' id='word_1_247' title='bbox 203 2663 276 2731; x_wconf 88' lang='lat' dir='ltr'>posse.</span> <span class='ocrx_word' id='word_1_248' title='bbox 310 2666 349 2712; x_wconf 83' lang='lat' dir='ltr'>Ex</span> <span class='ocrx_word' id='word_1_249' title='bbox 358 2679 388 2710; x_wconf 89' lang='lat' dir='ltr'>eo</span> <span class='ocrx_word' id='word_1_250' title='bbox 400 2664 435 2710; x_wconf 82' lang='lat' dir='ltr'>ira</span> <span class='ocrx_word' id='word_1_251' title='bbox 444 2650 494 2725; x_wconf 72' lang='lat' dir='ltr'>te&#39;gi</span> <span class='ocrx_word' id='word_1_252' title='bbox 503 2672 579 2727; x_wconf 86' lang='lat' dir='ltr'>mota,</span> <span class='ocrx_word' id='word_1_253' title='bbox 591 2659 736 2724; x_wconf 76' lang='lat' dir='ltr'>eiudensque</span> <span class='ocrx_word' id='word_1_254' title='bbox 746 2670 830 2720; x_wconf 90' lang='lat' dir='ltr'>artem,</span> <span class='ocrx_word' id='word_1_255' title='bbox 845 2672 875 2712; x_wconf 85' lang='lat' dir='ltr'>ut</span> 
     </span>
    </p>
   </div>
   <div class='ocr_carea' id='block_1_10' title="bbox 129 2736 874 2961">
    <p class='ocr_par' dir='ltr' id='par_1_10' title="bbox 129 2736 874 2961">
     <span class='ocr_line' id='line_1_34' title="bbox 129 2736 873 2806; baseline -0.012 -12"><span class='ocrx_word' id='word_1_256' title='bbox 129 2745 217 2804; x_wconf 84' lang='lat' dir='ltr'>ferunt,</span> <span class='ocrx_word' id='word_1_257' title='bbox 233 2741 341 2806; x_wconf 80' lang='lat' dir='ltr'>Agedum,</span> <span class='ocrx_word' id='word_1_258' title='bbox 359 2741 447 2804; x_wconf 86' lang='lat' dir='ltr'>inquit,</span> <span class='ocrx_word' id='word_1_259' title='bbox 463 2739 537 2786; x_wconf 83' lang='lat' dir='ltr'>divine</span> <span class='ocrx_word' id='word_1_260' title='bbox 552 2747 584 2798; x_wconf 84' lang='lat' dir='ltr'>tu,</span> <span class='ocrx_word' id='word_1_261' title='bbox 595 2738 706 2801; x_wconf 76' lang='lat' dir='ltr'>innzrgmu,</span> <span class='ocrx_word' id='word_1_262' title='bbox 718 2736 796 2796; x_wconf 79' lang='lat' dir='ltr'>fierine</span> <span class='ocrx_word' id='word_1_263' title='bbox 803 2737 873 2800; x_wconf 77' lang='lat' dir='ltr'>pofflt,</span> 
     </span>
     <span class='ocr_line' id='line_1_35' title="bbox 129 2812 874 2888; baseline -0.011 -20"><span class='ocrx_word' id='word_1_264' title='bbox 129 2820 182 2888; x_wconf 78' lang='lat' dir='ltr'>quod</span> <span class='ocrx_word' id='word_1_265' title='bbox 195 2833 247 2866; x_wconf 83' lang='lat' dir='ltr'>nunc</span> <span class='ocrx_word' id='word_1_266' title='bbox 258 2833 294 2882; x_wconf 79' lang='lat' dir='ltr'>egr</span> <span class='ocrx_word' id='word_1_267' title='bbox 305 2825 374 2864; x_wconf 85' lang='lat' dir='ltr'>mente</span> <span class='ocrx_word' id='word_1_268' title='bbox 384 2816 483 2879; x_wconf 83' lang='lat' dir='ltr'>concipio.</span> <span class='ocrx_word' id='word_1_269' title='bbox 520 2816 605 2873; x_wconf 85' lang='lat' dir='ltr'>Quum</span> <span class='ocrx_word' id='word_1_270' title='bbox 614 2813 661 2871; x_wconf 86' lang='lat' dir='ltr'>ille,</span> <span class='ocrx_word' id='word_1_271' title='bbox 672 2812 697 2856; x_wconf 90' lang='lat' dir='ltr'>in</span> <span class='ocrx_word' id='word_1_272' title='bbox 708 2813 811 2871; x_wconf 80' lang='lat' dir='ltr'>augurio</span> <span class='ocrx_word' id='word_1_273' title='bbox 822 2826 874 2861; x_wconf 87' lang='lat' dir='ltr'>rem</span> 
     </span>
     <span class='ocr_line' id='line_1_36' title="bbox 131 2885 873 2961; baseline -0.016 -16"><span class='ocrx_word' id='word_1_274' title='bbox 131 2905 253 2961; x_wconf 81' lang='lat' dir='ltr'>expertus,</span> <span class='ocrx_word' id='word_1_275' title='bbox 270 2892 379 2959; x_wconf 73' lang='lat' dir='ltr'>profesio</span> <span class='ocrx_word' id='word_1_276' title='bbox 390 2891 497 2940; x_wconf 86' lang='lat' dir='ltr'>suturam</span> <span class='ocrx_word' id='word_1_277' title='bbox 509 2887 618 2936; x_wconf 83' lang='lat' dir='ltr'>dixisset:</span> <span class='ocrx_word' id='word_1_278' title='bbox 638 2886 708 2949; x_wconf 76' lang='lat' dir='ltr'>Atqui</span> <span class='ocrx_word' id='word_1_279' title='bbox 719 2885 754 2933; x_wconf 83' lang='lat' dir='ltr'>hoc</span> <span class='ocrx_word' id='word_1_280' title='bbox 765 2889 834 2936; x_wconf 75' lang='lat' dir='ltr'>animo</span> <span class='ocrx_word' id='word_1_281' title='bbox 848 2904 873 2934; x_wconf 85' lang='lat' dir='ltr'>a·</span> 
     </span>
    </p>
   </div>
   <div class='ocr_carea' id='block_1_11' title="bbox 126 2957 876 3103">
    <p class='ocr_par' dir='ltr' id='par_1_11' title="bbox 126 2957 876 3103">
     <span class='ocr_line' id='line_1_37' title="bbox 126 2957 876 3040; baseline -0.009 -23"><span class='ocrx_word' id='word_1_282' title='bbox 126 2969 212 3040; x_wconf 76' lang='lat' dir='ltr'>gitavi,</span> <span class='ocrx_word' id='word_1_283' title='bbox 230 2968 319 3035; x_wconf 85' lang='lat' dir='ltr'>inquit,</span> <span class='ocrx_word' id='word_1_284' title='bbox 338 2977 359 3018; x_wconf 80' lang='lat' dir='ltr'>te</span> <span class='ocrx_word' id='word_1_285' title='bbox 370 2963 472 3016; x_wconf 69' lang='lat' dir='ltr'>novacen</span> <span class='ocrx_word' id='word_1_286' title='bbox 483 2970 550 3025; x_wconf 58' lang='lat' dir='ltr'>cotem</span> <span class='ocrx_word' id='word_1_287' title='bbox 560 2957 696 3026; x_wconf 61' lang='lat' dir='ltr'>dr&#39;sc&#39;ffsurum.</span> <span class='ocrx_word' id='word_1_288' title='bbox 719 2972 770 3028; x_wconf 85' lang='lat' dir='ltr'>rape</span> <span class='ocrx_word' id='word_1_289' title='bbox 780 2963 826 3023; x_wconf 71' lang='lat' dir='ltr'>hac,</span> <span class='ocrx_word' id='word_1_290' title='bbox 846 2962 876 3010; x_wconf 76' lang='grc' dir='ltr'>ό·</span> 
     </span>
     <span class='ocr_line' id='line_1_38' title="bbox 487 3044 874 3103; baseline -0.01 -13"><span class='ocrx_word' id='word_1_291' title='bbox 487 3044 491 3053; x_wconf 85' lang='lat'><em>&#39;</em></span> <span class='ocrx_word' id='word_1_292' title='bbox 792 3049 874 3103; x_wconf 78' lang='lat' dir='ltr'>perage</span> 
     </span>
    </p>
   </div>
   <div class='ocr_carea' id='block_1_12' title="bbox 479 3079 483 3093">
    <p class='ocr_par' dir='ltr' id='par_1_12' title="bbox 479 3079 483 3093">
     <span class='ocr_line' id='line_1_39' title="bbox 479 3079 483 3093; baseline 0 0"><span class='ocrx_word' id='word_1_293' title='bbox 479 3079 483 3093; x_wconf 81' lang='grc' dir='ltr'>Ι</span> 
     </span>
    </p>
   </div>
   <div class='ocr_carea' id='block_1_13' title="bbox 468 3074 638 3193">
    <p class='ocr_par' dir='ltr' id='par_1_13' title="bbox 468 3074 638 3193">
     <span class='ocr_line' id='line_1_40' title="bbox 468 3074 638 3151; baseline -0.159 -34"><span class='ocrx_word' id='word_1_294' title='bbox 468 3074 600 3151; x_wconf 40' lang='grc' dir='ltr'>ιὴῑῃζρὶῇγί</span> <span class='ocrx_word' id='word_1_295' title='bbox 634 3084 638 3091; x_wconf 89' lang='grc'>,</span> 
     </span>
     <span class='ocr_line' id='line_1_41' title="bbox 542 3156 562 3193; baseline 0 -22"><span class='ocrx_word' id='word_1_296' title='bbox 542 3156 562 3193; x_wconf 55' lang='grc' dir='ltr'>,Γ</span> 
     </span>
    </p>
   </div>
   <div class='ocr_carea' id='block_1_14' title="bbox 0 0 991 3660">
    <p class='ocr_par' dir='ltr' id='par_1_14' title="bbox 0 0 991 3660">
     <span class='ocr_line' id='line_1_42' title="bbox 0 0 991 3660; baseline 0 0"><span class='ocrx_word' id='word_1_297' title='bbox 0 0 991 3660; x_wconf 95' lang='lat' dir='ltr'> </span> 
     </span>
    </p>
   </div>
  </div>
 </body>
</html>
