1964 3660
368 213 537 266 nrrnn
570 216 618 266 vr.
826 230 874 280 343

131 304 169 355 nis
181 303 262 379 suerit,
279 308 353 371 qu'am
367 305 591 356 transcendentibus
608 304 690 371 sepem
702 304 817 355 incendio
831 307 875 364 ab,-

132 381 254 449 sumptam
272 381 360 433 suerat.
395 382 461 433 Fusrs
478 383 585 433 hostibus
606 380 725 446 caesrsque,
741 399 817 447 quum
835 399 874 433 ca·

131 459 177 509 rra
189 461 284 524 impetu
293 457 391 525 cepisset
400 458 511 523 distortor,
528 458 635 527 praedam
645 459 718 507 militi
733 458 809 516 dedit,
825 475 876 524 quo

129 536 211 584 minus
222 535 351 602 speratam,
368 536 468 591 minime
479 537 595 600 largitore
606 536 678 600 duce,
695 552 725 585 eo
734 537 807 586 militi
819 553 875 602 gra·

129 611 228 661 tiorem.
254 612 394 678 persecutus
413 613 500 663 deinde
519 612 648 676 fugientes,
674 629 750 678 quum
774 630 875 667 omnem
965 627 975 636 “

107 755 109 760 .
131 688 250 741 Volscum
258 708 346 757 agnem
353 693 515 760 depopulatus
523 688 589 753 esset,
606 690 636 739 ed
651 691 802 740 deditionem
812 692 889 750 Vol·¹

130 763 183 815 scos
199 765 376 835 septuagesimo
395 768 495 819 demum
512 781 578 818 anno
598 761 703 830 subegit.
738 766 824 818 Vistor
841 781 875 818 ex

131 843 227 894 Volscio
240 847 266 896 in
279 849 376 912 AEquos
388 845 489 907 transiit,
507 842 606 909 &ipsos
620 843 710 893 beilum
727 845 874 894 molientes:

128 922 267 972 exercitum
279 939 366 973 eorum
382 922 413 973 ad
433 921 503 972 Bolas
521 918 648 985 oppre·ffit;
665 935 711 968 nec
728 921 803 969 casira
817 936 873 971 mo-

126 993 173 1058 do,
185 996 226 1048 sed
239 1001 323 1050 urbem
333 1000 407 1050 etiam
418 997 548 1062 aggressus,
559 997 660 1062 ¹impetu
672 998 754 1063 primo
764 999 839 1062 cepit.

160 1072 209 1124 111.
231 1081 315 1140 Quum
328 1079 355 1128 in
371 1093 400 1127 ea
414 1087 492 1145 parre,
509 1076 594 1140 inqua
612 1075 741 1141 caputgrej
753 1077 872 1128 Romana

128 1151 246 1202 carnium
256 1167 316 1219 erat,
332 1171 362 1204 ea
372 1155 472 1204 sortuna
484 1151 548 1214 esset,
566 1153 639 1201 aliam
651 1152 676 1200 in
689 1162 782 1218 partem
792 1162 872 1202 terror

126 1227 212 1292 ingens
223 1232 356 1294 ingruerat.
390 1231 487 1281 Etruria
499 1233 575 1296 prope
592 1229 673 1279 omnis
689 1240 782 1279 armata
794 1232 870 1279 Sutri-

126 1318 178 1366 um,
196 1302 276 1354 socios
295 1303 381 1377 populi
396 1307 511 1367 Romani,
530 1303 668 1354 obsidebat:
687 1319 792 1370 quorum
803 1293 870 1370 lega,-

123 1381 153 1441 ri,
166 1397 240 1448 opem
251 1382 421 1451 rebusaffesiis
433 1393 537 1446 oranter,
550 1397 627 1447 quum
637 1381 746 1431 senatum
760 1381 869 1447 adissent,

125 1457 251 1508 decretum
266 1461 350 1523 tulere,
372 1471 400 1509 ut
417 1457 521 1508 distator
538 1459 619 1525 primo
640 1475 740 1525 qnoque
757 1470 871 1527 tempore

122 1535 246 1584 auxilium
258 1538 360 1600 Sutrinis
371 1536 454 1587 secret.
485 1535 559 1598 cujus
570 1534 621 1601 spei
632 1552 727 1585 moram
740 1551 816 1600 quum
829 1553 870 1604 pa·

124 1612 144 1662 ti
156 1611 257 1663 fortuna
271 1612 423 1664 obsessorum
433 1627 484 1662 non
498 1609 620 1680 potuisset,
637 1610 796 1677 conscsiaque
808 1629 869 1679 pau·

122 1689 184 1738 citas
200 1687 391 1756 oppidanorum,
414 1703 497 1754 opere,
520 1687 622 1750 vigiliis,
644 1689 795 1752 vulneribus,
813 1706 869 1755 quae

123 1761 218 1829 semper
231 1763 330 1817 eosdem
341 1763 469 1828 urgebant,
482 1776 526 1827 per
536 1761 675 1828 pastionem
685 1763 748 1812 urbe
759 1764 869 1817 hostibue

122 1839 221 1902 traditi,
238 1839 341 1889 inermen
352 1854 409 1889 cunr
419 1838 515 1903 singulis
527 1837 605 1888 emissi
620 1839 776 1903 vestimentis,
793 1841 868 1891 miso·

121 1915 196 1968 rabili
208 1917 307 1981 agmine
319 1925 419 1983 penaten
435 1916 598 1979 relinquerent
603 1934 611 1976 ;
629 1931 659 1966 eo
676 1915 739 1966 sorte
756 1927 870 1985 tempore
935 1972 936 1978 ,

120 1993 241 2043 Camillus
251 2009 310 2043 cum
320 1995 431 2044 exercitu
441 1996 557 2044 Romano
568 1993 711 2043 intervenit.
737 1995 777 2044 cui
789 2011 868 2060 quum

120 2069 148 2120 se
155 2070 238 2120 moesia
248 2069 320 2120 turba
328 2069 360 2120 ad
369 2068 442 2137 peder
453 2068 624 2137 provolvisset,
640 2069 827 2138 principumque
837 2090 867 2125 o·

118 2146 251 2211 rationem,
263 2145 400 2197 necesitate
410 2144 498 2196 ultimi
506 2143 650 2212 expressam,
656 2149 728 2197 fletur
736 2149 868 2202 mulierum

118 2239 149 2274 ac
160 2238 304 2291 puerorum,
320 2225 362 2291 qui
370 2224 449 2276 exsilii
460 2224 564 2276 comitor
572 2224 740 2289 trahebantur,
756 2227 867 2295 excepis-

119 2301 168 2363 set;
186 2318 287 2369 parcere
303 2303 415 2354 lamentis
434 2305 544 2355 Sutrinos
558 2302 640 2367 Juffie:
658 2302 766 2354 Etruscis
786 2304 810 2354 se
826 2306 866 2357 su·
936 2334 937 2338 =

118 2377 184 2429 sium
195 2380 355 2447 lacrimasque
369 2381 441 2432 serre.
476 2382 584 2432 Sarcinas
601 2381 657 2431 inde
670 2380 769 2448 deponi,
788 2385 866 2434 Sutri-

117 2456 210 2521 nosque
221 2458 256 2506 ibi
268 2459 400 2521 considere,
416 2458 516 2510 modico
526 2457 636 2526 praesrdio
644 2458 737 2522 resisto,
754 2476 822 2510 arma
831 2461 865 2512 se·

117 2547 176 2580 eum
188 2533 292 2583 militem
303 2533 367 2584 serre
381 2534 461 2598 jubet.
496 2538 535 2584 ita
548 2534 667 2601 expedito
678 2537 790 2585 exercitu
803 2553 863 2602 pro-

116 2605 193 2658 fecem
211 2607 243 2656 ad
262 2610 379 2673 Sutrium,
394 2610 420 2660 id
432 2610 499 2675 quod
510 2610 615 2676 rebatur,
632 2610 712 2660 soluta
729 2613 812 2661 omnia
823 2627 864 2662 re·-

115 2684 162 2733 bur
179 2687 217 2748 (ut
233 2684 270 2748 fit)
289 2684 399 2735 secundis
417 2687 530 2737 invenit:
547 2686 640 2738 valiam
659 2687 788 2738 stationem
804 2699 863 2738 ante

112 2760 212 2823 menia,
230 2771 339 2828 patentes
355 2772 447 2830 portas,
465 2762 587 2815 visionem
597 2779 692 2828 vagum
707 2764 812 2832 praedam
827 2779 863 2817 ex

114 2837 220 2886 hostium
239 2837 312 2888 tesiic⁴
326 2851 474 2904 egerentem.
509 2843 603 2891 Iterum
620 2843 696 2906 igitur
716 2841 802 2891 eodem
820 2841 862 2893 die

112 2913 223 2962 sutrium
241 2916 349 2982 capitur:
367 2914 473 2967 visiones
492 2916 588 2968 Etrusci
607 2917 690 2986 passim
706 2917 862 2971 trucidantur

113 2987 148 3043 ah
165 3005 238 3044 noro
249 2983 328 3059 hoste,
341 3007 421 3063 neque
438 2992 463 3044 se
473 2993 648 3067 eongsobeod'q
657 2994 818 3070 ‚coirudique
831 2997 862 3061 ip
888 3008 893 3016 ·
