<?xml version="1.0" encoding="UTF-8"?>
<!DOCTYPE html PUBLIC "-//W3C//DTD XHTML 1.0 Transitional//EN"
    "http://www.w3.org/TR/xhtml1/DTD/xhtml1-transitional.dtd">
<html xmlns="http://www.w3.org/1999/xhtml" xml:lang="en" lang="en">
 <head>
  <title>
</title>
<meta http-equiv="Content-Type" content="text/html;charset=utf-8" />
  <meta name='ocr-system' content='tesseract 3.04.00' />
  <meta name='ocr-capabilities' content='ocr_page ocr_carea ocr_par ocr_line ocrx_word'/>
</head>
<body>
  <div class='ocr_page' id='page_1' title='image "./titiliviipatavi00livygoog_0316.png"; bbox 0 0 1964 3660; ppageno 0'>
   <div class='ocr_carea' id='block_1_1' title="bbox 368 231 862 295">
    <p class='ocr_par' dir='ltr' id='par_1_1' title="bbox 368 231 862 295">
     <span class='ocr_line' id='line_1_1' title="bbox 368 231 862 295; baseline 0.008 -14"><span class='ocrx_word' id='word_1_1' title='bbox 368 231 537 283; x_wconf 82' lang='lat' dir='ltr'>LIBER</span> <span class='ocrx_word' id='word_1_2' title='bbox 571 235 605 283; x_wconf 83' lang='lat' dir='ltr'>V.</span> <span class='ocrx_word' id='word_1_3' title='bbox 812 248 862 295; x_wconf 71' lang='grc' dir='ltr'>Μ</span> 
     </span>
    </p>
   </div>
   <div class='ocr_carea' id='block_1_2' title="bbox 95 320 933 1308">
    <p class='ocr_par' dir='ltr' id='par_1_2' title="bbox 117 320 881 698">
     <span class='ocr_line' id='line_1_2' title="bbox 117 320 862 388; baseline 0.003 -16"><span class='ocrx_word' id='word_1_4' title='bbox 117 337 166 388; x_wconf 89' lang='lat' dir='ltr'>que</span> <span class='ocrx_word' id='word_1_5' title='bbox 178 322 305 373; x_wconf 87' lang='lat' dir='ltr'>continuas</span> <span class='ocrx_word' id='word_1_6' title='bbox 317 320 476 384; x_wconf 82' lang='lat' dir='ltr'>circumsessa,</span> <span class='ocrx_word' id='word_1_7' title='bbox 494 337 571 386; x_wconf 91' lang='lat' dir='ltr'>quum</span> <span class='ocrx_word' id='word_1_8' title='bbox 582 322 636 388; x_wconf 82' lang='lat' dir='ltr'>plus</span> <span class='ocrx_word' id='word_1_9' title='bbox 648 321 775 388; x_wconf 83' lang='lat' dir='ltr'>aliquanto</span> <span class='ocrx_word' id='word_1_10' title='bbox 787 324 862 374; x_wconf 91' lang='lat' dir='ltr'>cladi·</span> 
     </span>
     <span class='ocr_line' id='line_1_3' title="bbox 117 397 881 470; baseline 0.005 -20"><span class='ocrx_word' id='word_1_11' title='bbox 117 413 160 451; x_wconf 91' lang='lat' dir='ltr'>um</span> <span class='ocrx_word' id='word_1_12' title='bbox 179 397 303 463; x_wconf 80' lang='lat' dir='ltr'>intulisset,</span> <span class='ocrx_word' id='word_1_13' title='bbox 329 404 403 465; x_wconf 76' lang='lat' dir='ltr'>quam</span> <span class='ocrx_word' id='word_1_14' title='bbox 420 399 556 464; x_wconf 83' lang='lat' dir='ltr'>accepiffet,</span> <span class='ocrx_word' id='word_1_15' title='bbox 582 400 713 466; x_wconf 72' lang='lat' dir='ltr'>postremi),</span> <span class='ocrx_word' id='word_1_16' title='bbox 733 401 786 464; x_wconf 87' lang='lat' dir='ltr'>jam</span> <span class='ocrx_word' id='word_1_17' title='bbox 808 401 881 470; x_wconf 61' lang='lat' dir='ltr'>fato„</span> 
     </span>
     <span class='ocr_line' id='line_1_4' title="bbox 117 476 868 544; baseline 0.003 -18"><span class='ocrx_word' id='word_1_18' title='bbox 117 484 171 526; x_wconf 87' lang='lat' dir='ltr'>t&#39;um</span> <span class='ocrx_word' id='word_1_19' title='bbox 185 477 289 543; x_wconf 88' lang='lat' dir='ltr'>denique</span> <span class='ocrx_word' id='word_1_20' title='bbox 299 487 412 542; x_wconf 78' lang='lat' dir='ltr'>urgente,</span> <span class='ocrx_word' id='word_1_21' title='bbox 427 477 543 543; x_wconf 85' lang='lat' dir='ltr'>operibus</span> <span class='ocrx_word' id='word_1_22' title='bbox 555 486 646 541; x_wconf 84' lang='lat' dir='ltr'>tamen,</span> <span class='ocrx_word' id='word_1_23' title='bbox 661 493 714 528; x_wconf 89' lang='lat' dir='ltr'>non</span> <span class='ocrx_word' id='word_1_24' title='bbox 729 479 766 542; x_wconf 81' lang='lat' dir='ltr'>ui,</span> <span class='ocrx_word' id='word_1_25' title='bbox 781 476 868 544; x_wconf 67' lang='lat' dir='ltr'>txpu⁴v</span> 
     </span>
     <span class='ocr_line' id='line_1_5' title="bbox 117 555 863 619; baseline -0.001 -15"><span class='ocrx_word' id='word_1_26' title='bbox 117 565 192 619; x_wconf 88' lang='lat' dir='ltr'>gnata</span> <span class='ocrx_word' id='word_1_27' title='bbox 204 555 246 603; x_wconf 86' lang='lat' dir='ltr'>eil.</span> <span class='ocrx_word' id='word_1_28' title='bbox 461 615 464 619; x_wconf 15' lang='lat' dir='ltr'><em>A</em></span> <span class='ocrx_word' id='word_1_29' title='bbox 860 582 863 587; x_wconf 95' lang='lat'>·</span> 
     </span>
     <span class='ocr_line' id='line_1_6' title="bbox 152 629 865 698; baseline 0.004 -18"><span class='ocrx_word' id='word_1_30' title='bbox 152 633 254 681; x_wconf 86' lang='lat' dir='ltr'>XXIII.</span> <span class='ocrx_word' id='word_1_31' title='bbox 271 633 377 680; x_wconf 87' lang='lat' dir='ltr'>Romam</span> <span class='ocrx_word' id='word_1_32' title='bbox 395 640 425 680; x_wconf 90' lang='lat' dir='ltr'>ut</span> <span class='ocrx_word' id='word_1_33' title='bbox 440 629 585 681; x_wconf 87' lang='lat' dir='ltr'>nunciatum</span> <span class='ocrx_word' id='word_1_34' title='bbox 604 630 645 695; x_wconf 80' lang='lat' dir='ltr'>cll,</span> <span class='ocrx_word' id='word_1_35' title='bbox 672 631 749 695; x_wconf 75' lang='lat' dir='ltr'>Veios</span> <span class='ocrx_word' id='word_1_36' title='bbox 769 635 865 698; x_wconf 76' lang='lat' dir='ltr'>captos,</span> 
     </span>
    </p>

    <p class='ocr_par' dir='ltr' id='par_1_3' title="bbox 95 708 933 1308">
     <span class='ocr_line' id='line_1_7' title="bbox 95 708 864 775; baseline 0 -17"><span class='ocrx_word' id='word_1_37' title='bbox 95 715 97 722; x_wconf 88' lang='lat'>&#39;</span> <span class='ocrx_word' id='word_1_38' title='bbox 117 723 259 774; x_wconf 74' lang='lat' dir='ltr'><strong>quanquam</strong></span> <span class='ocrx_word' id='word_1_39' title='bbox 270 709 296 758; x_wconf 75' lang='grc' dir='ltr'>δε</span> <span class='ocrx_word' id='word_1_40' title='bbox 306 708 420 775; x_wconf 87' lang='lat' dir='ltr'>prodigia</span> <span class='ocrx_word' id='word_1_41' title='bbox 431 719 562 775; x_wconf 83' lang='lat' dir='ltr'>procurata</span> <span class='ocrx_word' id='word_1_42' title='bbox 571 708 675 772; x_wconf 81' lang='lat' dir='ltr'>fuerant,</span> <span class='ocrx_word' id='word_1_43' title='bbox 693 709 718 758; x_wconf 74' lang='grc' dir='ltr'><strong>ἃ</strong></span> <span class='ocrx_word' id='word_1_44' title='bbox 730 719 817 758; x_wconf 83' lang='lat' dir='ltr'>vatum</span> <span class='ocrx_word' id='word_1_45' title='bbox 825 723 864 758; x_wconf 90' lang='lat' dir='ltr'>re·</span> 
     </span>
     <span class='ocr_line' id='line_1_8' title="bbox 118 784 864 853; baseline 0.001 -18"><span class='ocrx_word' id='word_1_46' title='bbox 118 784 213 853; x_wconf 81' lang='lat' dir='ltr'>sponsa,</span> <span class='ocrx_word' id='word_1_47' title='bbox 231 786 257 836; x_wconf 79' lang='lat' dir='ltr'>dt</span> <span class='ocrx_word' id='word_1_48' title='bbox 273 787 385 852; x_wconf 79' lang='lat' dir='ltr'>Pythicae</span> <span class='ocrx_word' id='word_1_49' title='bbox 397 786 473 837; x_wconf 76' lang='lat' dir='ltr'>sotter</span> <span class='ocrx_word' id='word_1_50' title='bbox 493 795 558 835; x_wconf 76' lang='lat' dir='ltr'>notae</span> <span class='ocrx_word' id='word_1_51' title='bbox 567 805 575 846; x_wconf 86' lang='lat'>;</span> <span class='ocrx_word' id='word_1_52' title='bbox 592 787 627 849; x_wconf 74' lang='grc' dir='ltr'>ἃ,</span> <span class='ocrx_word' id='word_1_53' title='bbox 643 797 762 851; x_wconf 88' lang='lat' dir='ltr'>quantum</span> <span class='ocrx_word' id='word_1_54' title='bbox 777 788 864 836; x_wconf 90' lang='lat' dir='ltr'>huma-</span> 
     </span>
     <span class='ocr_line' id='line_1_9' title="bbox 118 862 915 930; baseline 0 -18"><span class='ocrx_word' id='word_1_55' title='bbox 118 862 156 913; x_wconf 87' lang='lat' dir='ltr'>nis</span> <span class='ocrx_word' id='word_1_56' title='bbox 167 862 396 926; x_wconf 79' lang='lat' dir='ltr'>adjuvaricousrliia</span> <span class='ocrx_word' id='word_1_57' title='bbox 411 871 525 930; x_wconf 87' lang='lat' dir='ltr'>potuerat</span> <span class='ocrx_word' id='word_1_58' title='bbox 539 877 584 925; x_wconf 82' lang='lat' dir='ltr'>tes,</span> <span class='ocrx_word' id='word_1_59' title='bbox 602 862 689 913; x_wconf 91' lang='lat' dir='ltr'>ducem</span> <span class='ocrx_word' id='word_1_60' title='bbox 701 866 739 914; x_wconf 92' lang='lat' dir='ltr'>M.</span> <span class='ocrx_word' id='word_1_61' title='bbox 751 864 864 926; x_wconf 78' lang='lat' dir='ltr'>Furium,</span> <span class='ocrx_word' id='word_1_62' title='bbox 912 906 915 912; x_wconf 95' lang='lat'>.</span> 
     </span>
     <span class='ocr_line' id='line_1_10' title="bbox 117 938 864 1005; baseline -0.001 -17"><span class='ocrx_word' id='word_1_63' title='bbox 117 940 257 988; x_wconf 85' lang='lat' dir='ltr'>maximum</span> <span class='ocrx_word' id='word_1_64' title='bbox 276 939 454 1005; x_wconf 85' lang='lat' dir='ltr'>imperatorum</span> <span class='ocrx_word' id='word_1_65' title='bbox 474 938 595 1001; x_wconf 87' lang='lat' dir='ltr'>omnium,</span> <span class='ocrx_word' id='word_1_66' title='bbox 620 938 746 1002; x_wconf 83' lang='lat' dir='ltr'>legcmnt;</span> <span class='ocrx_word' id='word_1_67' title='bbox 771 948 864 1000; x_wconf 79' lang='lat' dir='ltr'>tamen,</span> 
     </span>
     <span class='ocr_line' id='line_1_11' title="bbox 116 1013 933 1084; baseline 0 -19"><span class='ocrx_word' id='word_1_68' title='bbox 116 1017 176 1082; x_wconf 88' lang='lat' dir='ltr'>quia</span> <span class='ocrx_word' id='word_1_69' title='bbox 187 1026 226 1084; x_wconf 84' lang='lat' dir='ltr'>tot</span> <span class='ocrx_word' id='word_1_70' title='bbox 235 1017 305 1066; x_wconf 83' lang='lat' dir='ltr'>annis</span> <span class='ocrx_word' id='word_1_71' title='bbox 316 1018 384 1066; x_wconf 82' lang='lat' dir='ltr'>varie</span> <span class='ocrx_word' id='word_1_72' title='bbox 392 1016 428 1066; x_wconf 91' lang='lat' dir='ltr'>ibi</span> <span class='ocrx_word' id='word_1_73' title='bbox 439 1015 557 1066; x_wconf 80' lang='lat' dir='ltr'>bellamm</span> <span class='ocrx_word' id='word_1_74' title='bbox 568 1025 629 1078; x_wconf 90' lang='lat' dir='ltr'>erat,</span> <span class='ocrx_word' id='word_1_75' title='bbox 641 1015 772 1080; x_wconf 86' lang='lat' dir='ltr'>multaeque</span> <span class='ocrx_word' id='word_1_76' title='bbox 784 1013 865 1065; x_wconf 77' lang='lat' dir='ltr'>clades</span> <span class='ocrx_word' id='word_1_77' title='bbox 927 1034 933 1040; x_wconf 91' lang='lat'>·</span> 
     </span>
     <span class='ocr_line' id='line_1_12' title="bbox 116 1089 864 1158; baseline -0.001 -18"><span class='ocrx_word' id='word_1_78' title='bbox 116 1101 234 1158; x_wconf 75' lang='lat' dir='ltr'>accepta,</span> <span class='ocrx_word' id='word_1_79' title='bbox 249 1090 318 1141; x_wconf 82' lang='lat' dir='ltr'>velut</span> <span class='ocrx_word' id='word_1_80' title='bbox 327 1106 360 1141; x_wconf 80' lang='lat' dir='ltr'>ex</span> <span class='ocrx_word' id='word_1_81' title='bbox 370 1089 496 1158; x_wconf 87' lang='lat' dir='ltr'>insperato</span> <span class='ocrx_word' id='word_1_82' title='bbox 510 1089 656 1141; x_wconf 87' lang='lat' dir='ltr'>immensum</span> <span class='ocrx_word' id='word_1_83' title='bbox 668 1089 786 1156; x_wconf 90' lang='lat' dir='ltr'>gaudium</span> <span class='ocrx_word' id='word_1_84' title='bbox 797 1089 864 1139; x_wconf 80' lang='lat' dir='ltr'>fuit:</span> 
     </span>
     <span class='ocr_line' id='line_1_13' title="bbox 118 1165 864 1233; baseline 0.001 -18"><span class='ocrx_word' id='word_1_85' title='bbox 118 1165 311 1232; x_wconf 75' lang='lat' dir='ltr'>&amp;‚·priusquam</span> <span class='ocrx_word' id='word_1_86' title='bbox 328 1165 425 1216; x_wconf 73' lang='lat' dir='ltr'>senatur</span> <span class='ocrx_word' id='word_1_87' title='bbox 443 1166 592 1229; x_wconf 83' lang='lat' dir='ltr'>decerneret,</span> <span class='ocrx_word' id='word_1_88' title='bbox 610 1167 682 1233; x_wconf 85' lang='lat' dir='ltr'>plena</span> <span class='ocrx_word' id='word_1_89' title='bbox 699 1167 784 1216; x_wconf 90' lang='lat' dir='ltr'>omnia</span> <span class='ocrx_word' id='word_1_90' title='bbox 800 1176 864 1216; x_wconf 75' lang='lat' dir='ltr'>tem,-</span> 
     </span>
     <span class='ocr_line' id='line_1_14' title="bbox 119 1241 865 1308; baseline 0.003 -18"><span class='ocrx_word' id='word_1_91' title='bbox 119 1241 161 1308; x_wconf 89' lang='lat' dir='ltr'>pla</span> <span class='ocrx_word' id='word_1_92' title='bbox 173 1244 342 1291; x_wconf 82' lang='lat' dir='ltr'>Romanarum</span> <span class='ocrx_word' id='word_1_93' title='bbox 352 1252 469 1305; x_wconf 86' lang='lat' dir='ltr'>matrum,</span> <span class='ocrx_word' id='word_1_94' title='bbox 481 1253 560 1306; x_wconf 86' lang='lat' dir='ltr'>grates</span> <span class='ocrx_word' id='word_1_95' title='bbox 572 1243 626 1293; x_wconf 83' lang='lat' dir='ltr'>Diis</span> <span class='ocrx_word' id='word_1_96' title='bbox 638 1243 772 1306; x_wconf 82' lang='lat' dir='ltr'>agentium,</span> <span class='ocrx_word' id='word_1_97' title='bbox 785 1252 865 1292; x_wconf 84' lang='lat' dir='ltr'>erant.</span> 
     </span>
    </p>
   </div>
   <div class='ocr_carea' id='block_1_3' title="bbox 118 1317 948 1383">
    <p class='ocr_par' dir='ltr' id='par_1_4' title="bbox 118 1317 948 1383">
     <span class='ocr_line' id='line_1_15' title="bbox 118 1317 948 1383; baseline 0.001 -16"><span class='ocrx_word' id='word_1_98' title='bbox 118 1323 220 1367; x_wconf 84' lang='lat' dir='ltr'>Senatus</span> <span class='ocrx_word' id='word_1_99' title='bbox 227 1317 253 1366; x_wconf 87' lang='lat' dir='ltr'>in</span> <span class='ocrx_word' id='word_1_100' title='bbox 261 1318 426 1382; x_wconf 85' lang='lat' dir='ltr'>quatriduum,</span> <span class='ocrx_word' id='word_1_101' title='bbox 439 1329 506 1383; x_wconf 81' lang='lat' dir='ltr'>quot</span> <span class='ocrx_word' id='word_1_102' title='bbox 522 1319 619 1369; x_wconf 91' lang='lat' dir='ltr'>diemm</span> <span class='ocrx_word' id='word_1_103' title='bbox 636 1319 704 1369; x_wconf 88' lang='lat' dir='ltr'>nullo</span> <span class='ocrx_word' id='word_1_104' title='bbox 719 1321 775 1368; x_wconf 77' lang='lat' dir='ltr'>ante</span> <span class='ocrx_word' id='word_1_105' title='bbox 788 1319 865 1382; x_wconf 82' lang='lat' dir='ltr'>bello,</span> <span class='ocrx_word' id='word_1_106' title='bbox 945 1373 948 1376; x_wconf 13' lang='grc' dir='ltr'><em>Α</em></span> 
     </span>
    </p>
   </div>
   <div class='ocr_carea' id='block_1_4' title="bbox 111 1393 932 2455">
    <p class='ocr_par' dir='ltr' id='par_1_5' title="bbox 111 1393 932 2455">
     <span class='ocr_line' id='line_1_16' title="bbox 116 1393 866 1462; baseline -0.001 -17"><span class='ocrx_word' id='word_1_107' title='bbox 116 1393 307 1460; x_wconf 79' lang='lat' dir='ltr'>supplicationes</span> <span class='ocrx_word' id='word_1_108' title='bbox 321 1393 450 1447; x_wconf 73' lang='lat' dir='ltr'>decernit·</span> <span class='ocrx_word' id='word_1_109' title='bbox 474 1394 604 1446; x_wconf 82' lang='lat' dir='ltr'>Adventus</span> <span class='ocrx_word' id='word_1_110' title='bbox 619 1411 718 1462; x_wconf 89' lang='lat' dir='ltr'>quoque</span> <span class='ocrx_word' id='word_1_111' title='bbox 729 1395 866 1459; x_wconf 69' lang='lat' dir='ltr'>didatotiq·</span> 
     </span>
     <span class='ocr_line' id='line_1_17' title="bbox 117 1470 866 1539; baseline 0.009 -19"><span class='ocrx_word' id='word_1_112' title='bbox 117 1470 233 1520; x_wconf 78' lang='lat' dir='ltr'>omnibus</span> <span class='ocrx_word' id='word_1_113' title='bbox 250 1471 377 1522; x_wconf 77' lang='lat' dir='ltr'>ordinibus</span> <span class='ocrx_word' id='word_1_114' title='bbox 394 1472 497 1523; x_wconf 64' lang='lat' dir='ltr'>obviem</span> <span class='ocrx_word' id='word_1_115' title='bbox 513 1472 601 1537; x_wconf 76' lang='lat' dir='ltr'>effusis,</span> <span class='ocrx_word' id='word_1_116' title='bbox 618 1473 772 1536; x_wconf 81' lang='lat' dir='ltr'>celebratior,</span> <span class='ocrx_word' id='word_1_117' title='bbox 789 1477 866 1539; x_wconf 62' lang='lat' dir='ltr'>quim</span> 
     </span>
     <span class='ocr_line' id='line_1_18' title="bbox 117 1547 864 1618; baseline 0.004 -21"><span class='ocrx_word' id='word_1_118' title='bbox 117 1547 190 1598; x_wconf 74' lang='lat' dir='ltr'>ullius</span> <span class='ocrx_word' id='word_1_119' title='bbox 201 1558 311 1615; x_wconf 90' lang='lat' dir='ltr'>unqua&#39;m</span> <span class='ocrx_word' id='word_1_120' title='bbox 322 1561 394 1600; x_wconf 88' lang='lat' dir='ltr'>antea</span> <span class='ocrx_word' id='word_1_121' title='bbox 411 1550 472 1601; x_wconf 87' lang='lat' dir='ltr'>fuit:</span> <span class='ocrx_word' id='word_1_122' title='bbox 489 1550 675 1618; x_wconf 85' lang='lat' dir='ltr'>triumphusque</span> <span class='ocrx_word' id='word_1_123' title='bbox 687 1566 787 1601; x_wconf 86' lang='lat' dir='ltr'>omnem</span> <span class='ocrx_word' id='word_1_124' title='bbox 803 1565 864 1602; x_wconf 91' lang='lat' dir='ltr'>con·</span> 
     </span>
     <span class='ocr_line' id='line_1_19' title="bbox 117 1623 864 1692; baseline 0.001 -16"><span class='ocrx_word' id='word_1_125' title='bbox 117 1623 214 1677; x_wconf 84' lang='lat' dir='ltr'>suetum</span> <span class='ocrx_word' id='word_1_126' title='bbox 225 1626 369 1676; x_wconf 85' lang='lat' dir='ltr'>honorandi</span> <span class='ocrx_word' id='word_1_127' title='bbox 381 1627 432 1676; x_wconf 88' lang='lat' dir='ltr'>diei</span> <span class='ocrx_word' id='word_1_128' title='bbox 448 1627 512 1676; x_wconf 79' lang='lat' dir='ltr'>illiue</span> <span class='ocrx_word' id='word_1_129' title='bbox 530 1626 635 1679; x_wconf 89' lang='lat' dir='ltr'>modum</span> <span class='ocrx_word' id='word_1_130' title='bbox 646 1628 799 1692; x_wconf 89' lang='lat' dir='ltr'>aliquantum</span> <span class='ocrx_word' id='word_1_131' title='bbox 819 1640 864 1677; x_wconf 72' lang='lat' dir='ltr'>ex⁴</span> 
     </span>
     <span class='ocr_line' id='line_1_20' title="bbox 117 1700 865 1767; baseline 0 -14"><span class='ocrx_word' id='word_1_132' title='bbox 117 1701 192 1753; x_wconf 86' lang='lat' dir='ltr'>tellit.</span> <span class='ocrx_word' id='word_1_133' title='bbox 227 1703 339 1750; x_wconf 75' lang='lat' dir='ltr'>Maxime</span> <span class='ocrx_word' id='word_1_134' title='bbox 351 1700 494 1767; x_wconf 77' lang='lat' dir='ltr'>conspee&#39;lua</span> <span class='ocrx_word' id='word_1_135' title='bbox 511 1701 563 1766; x_wconf 87' lang='lat' dir='ltr'>ipse</span> <span class='ocrx_word' id='word_1_136' title='bbox 579 1701 620 1764; x_wconf 85' lang='lat' dir='ltr'>est,</span> <span class='ocrx_word' id='word_1_137' title='bbox 638 1712 711 1751; x_wconf 86' lang='lat' dir='ltr'>curru</span> <span class='ocrx_word' id='word_1_138' title='bbox 722 1701 791 1765; x_wconf 82' lang='lat' dir='ltr'>equis</span> <span class='ocrx_word' id='word_1_139' title='bbox 802 1702 865 1754; x_wconf 78' lang='lat' dir='ltr'>albic</span> 
     </span>
     <span class='ocr_line' id='line_1_21' title="bbox 111 1775 864 1843; baseline -0.001 -16"><span class='ocrx_word' id='word_1_140' title='bbox 111 1777 202 1843; x_wconf 66' lang='lat' dir='ltr'>inusto</span> <span class='ocrx_word' id='word_1_141' title='bbox 212 1777 300 1826; x_wconf 86' lang='lat' dir='ltr'>urbem</span> <span class='ocrx_word' id='word_1_142' title='bbox 311 1775 435 1827; x_wconf 70' lang='lat' dir='ltr'>iuvetius:</span> <span class='ocrx_word' id='word_1_143' title='bbox 449 1792 584 1842; x_wconf 87' lang='lat' dir='ltr'>parumque</span> <span class='ocrx_word' id='word_1_144' title='bbox 595 1777 620 1827; x_wconf 89' lang='lat' dir='ltr'>id</span> <span class='ocrx_word' id='word_1_145' title='bbox 630 1793 682 1826; x_wconf 91' lang='lat' dir='ltr'>nou</span> <span class='ocrx_word' id='word_1_146' title='bbox 694 1777 769 1829; x_wconf 85' lang='lat' dir='ltr'>civile</span> <span class='ocrx_word' id='word_1_147' title='bbox 779 1777 864 1843; x_wconf 78' lang='lat' dir='ltr'>modo,</span> 
     </span>
     <span class='ocr_line' id='line_1_22' title="bbox 116 1851 863 1917; baseline 0 -14"><span class='ocrx_word' id='word_1_148' title='bbox 116 1851 158 1903; x_wconf 80' lang='lat' dir='ltr'>sed</span> <span class='ocrx_word' id='word_1_149' title='bbox 170 1854 305 1901; x_wconf 82' lang='lat' dir='ltr'>humanum</span> <span class='ocrx_word' id='word_1_150' title='bbox 316 1854 401 1915; x_wconf 79' lang='lat' dir='ltr'>cuam,</span> <span class='ocrx_word' id='word_1_151' title='bbox 417 1853 508 1905; x_wconf 80' lang='lat' dir='ltr'>visun.</span> <span class='ocrx_word' id='word_1_152' title='bbox 519 1903 522 1907; x_wconf 74' lang='grc'>,</span> <span class='ocrx_word' id='word_1_153' title='bbox 542 1855 558 1916; x_wconf 95' lang='lat' dir='ltr'>J</span> <span class='ocrx_word' id='word_1_154' title='bbox 559 1853 615 1909; x_wconf 77' lang='lat' dir='ltr'>orie</span> <span class='ocrx_word' id='word_1_155' title='bbox 629 1851 738 1917; x_wconf 80' lang='lat' dir='ltr'>Solisque</span> <span class='ocrx_word' id='word_1_156' title='bbox 748 1853 816 1917; x_wconf 88' lang='lat' dir='ltr'>equis</span> <span class='ocrx_word' id='word_1_157' title='bbox 830 1867 863 1903; x_wconf 61' lang='grc' dir='ltr'>τι</span> 
     </span>
     <span class='ocr_line' id='line_1_23' title="bbox 113 1925 864 1993; baseline 0.008 -21"><span class='ocrx_word' id='word_1_158' title='bbox 113 1928 243 1993; x_wconf 69' lang='lat' dir='ltr'>vquipara&#39;ri</span> <span class='ocrx_word' id='word_1_159' title='bbox 256 1925 409 1990; x_wconf 69' lang='lat' dir='ltr'>distatorem,</span> <span class='ocrx_word' id='word_1_160' title='bbox 425 1929 451 1983; x_wconf 83' lang='lat' dir='ltr'>iu</span> <span class='ocrx_word' id='word_1_161' title='bbox 471 1927 616 1992; x_wconf 79' lang='lat' dir='ltr'>religionem</span> <span class='ocrx_word' id='word_1_162' title='bbox 633 1929 707 1978; x_wconf 82' lang='lat' dir='ltr'>etiam</span> <span class='ocrx_word' id='word_1_163' title='bbox 719 1928 864 1978; x_wconf 73' lang='lat' dir='ltr'>nahehaute</span> 
     </span>
     <span class='ocr_line' id='line_1_24' title="bbox 115 2002 865 2070; baseline 0 -18"><span class='ocrx_word' id='word_1_164' title='bbox 115 2003 304 2070; x_wconf 87' lang='lat' dir='ltr'>triumphusque</span> <span class='ocrx_word' id='word_1_165' title='bbox 315 2003 411 2055; x_wconf 83' lang='lat' dir='ltr'>obeam</span> <span class='ocrx_word' id='word_1_166' title='bbox 419 2019 495 2055; x_wconf 87' lang='lat' dir='ltr'>unam</span> <span class='ocrx_word' id='word_1_167' title='bbox 505 2004 613 2055; x_wconf 74' lang='lat' dir='ltr'>maxime</span> <span class='ocrx_word' id='word_1_168' title='bbox 621 2018 674 2054; x_wconf 86' lang='lat' dir='ltr'>rem</span> <span class='ocrx_word' id='word_1_169' title='bbox 681 2002 777 2066; x_wconf 85' lang='lat' dir='ltr'>clarior,</span> <span class='ocrx_word' id='word_1_170' title='bbox 788 2009 865 2068; x_wconf 72' lang='lat' dir='ltr'>qudrn</span> 
     </span>
     <span class='ocr_line' id='line_1_25' title="bbox 115 2076 932 2145; baseline 0.002 -17"><span class='ocrx_word' id='word_1_171' title='bbox 115 2080 218 2145; x_wconf 84' lang='lat' dir='ltr'>gratior,</span> <span class='ocrx_word' id='word_1_172' title='bbox 235 2077 292 2129; x_wconf 82' lang='lat' dir='ltr'>fuit.</span> <span class='ocrx_word' id='word_1_173' title='bbox 327 2084 398 2130; x_wconf 91' lang='lat' dir='ltr'>Tum</span> <span class='ocrx_word' id='word_1_174' title='bbox 406 2080 500 2144; x_wconf 85' lang='lat' dir='ltr'>Junoni</span> <span class='ocrx_word' id='word_1_175' title='bbox 511 2079 601 2142; x_wconf 84' lang='lat' dir='ltr'>reginae</span> <span class='ocrx_word' id='word_1_176' title='bbox 612 2076 863 2144; x_wconf 82' lang='lat' dir='ltr'>tplumiuAveu·</span> <span class='ocrx_word' id='word_1_177' title='bbox 929 2094 932 2101; x_wconf 90' lang='lat'>·</span> 
     </span>
     <span class='ocr_line' id='line_1_26' title="bbox 115 2154 863 2222; baseline 0.001 -16"><span class='ocrx_word' id='word_1_178' title='bbox 115 2156 171 2206; x_wconf 89' lang='lat' dir='ltr'>tino</span> <span class='ocrx_word' id='word_1_179' title='bbox 187 2155 290 2219; x_wconf 84' lang='lat' dir='ltr'>locavit,</span> <span class='ocrx_word' id='word_1_180' title='bbox 307 2154 480 2222; x_wconf 82' lang='lat' dir='ltr'>dedicavitque</span> <span class='ocrx_word' id='word_1_181' title='bbox 500 2157 604 2207; x_wconf 72' lang='lat' dir='ltr'>Matuta</span> <span class='ocrx_word' id='word_1_182' title='bbox 620 2155 703 2215; x_wconf 73' lang='lat' dir='ltr'>matri.</span> <span class='ocrx_word' id='word_1_183' title='bbox 723 2165 807 2220; x_wconf 82' lang='lat' dir='ltr'>atque,</span> <span class='ocrx_word' id='word_1_184' title='bbox 824 2155 863 2207; x_wconf 72' lang='lat' dir='ltr'>hir</span> 
     </span>
     <span class='ocr_line' id='line_1_27' title="bbox 115 2226 863 2299; baseline 0 -18"><span class='ocrx_word' id='word_1_185' title='bbox 115 2230 209 2282; x_wconf 84' lang='lat' dir='ltr'>divinis</span> <span class='ocrx_word' id='word_1_186' title='bbox 220 2226 382 2299; x_wconf 85' lang='lat' dir='ltr'>humanisque</span> <span class='ocrx_word' id='word_1_187' title='bbox 401 2232 473 2284; x_wconf 78' lang='lat' dir='ltr'>rebus</span> <span class='ocrx_word' id='word_1_188' title='bbox 490 2233 569 2297; x_wconf 79' lang='lat' dir='ltr'>gellis,</span> <span class='ocrx_word' id='word_1_189' title='bbox 587 2231 706 2296; x_wconf 73' lang='lat' dir='ltr'>ditlaturd</span> <span class='ocrx_word' id='word_1_190' title='bbox 722 2231 747 2282; x_wconf 82' lang='lat' dir='ltr'>le</span> <span class='ocrx_word' id='word_1_191' title='bbox 763 2231 863 2282; x_wconf 85' lang='lat' dir='ltr'>abdica·</span> 
     </span>
     <span class='ocr_line' id='line_1_28' title="bbox 113 2306 862 2378; baseline 0 -19"><span class='ocrx_word' id='word_1_192' title='bbox 113 2308 162 2359; x_wconf 84' lang='lat' dir='ltr'>vit.</span> <span class='ocrx_word' id='word_1_193' title='bbox 197 2309 247 2373; x_wconf 81' lang='lat' dir='ltr'>Agi</span> <span class='ocrx_word' id='word_1_194' title='bbox 264 2309 351 2360; x_wconf 88' lang='lat' dir='ltr'>deinde</span> <span class='ocrx_word' id='word_1_195' title='bbox 368 2310 399 2361; x_wconf 89' lang='lat' dir='ltr'>de</span> <span class='ocrx_word' id='word_1_196' title='bbox 418 2311 542 2378; x_wconf 81' lang='lat' dir='ltr'>Apollinis</span> <span class='ocrx_word' id='word_1_197' title='bbox 561 2308 628 2361; x_wconf 87' lang='lat' dir='ltr'>dono</span> <span class='ocrx_word' id='word_1_198' title='bbox 644 2319 760 2377; x_wconf 87' lang='lat' dir='ltr'>coeptum.</span> <span class='ocrx_word' id='word_1_199' title='bbox 786 2309 827 2361; x_wconf 91' lang='lat' dir='ltr'>cui</span> <span class='ocrx_word' id='word_1_200' title='bbox 836 2306 862 2359; x_wconf 90' lang='lat' dir='ltr'>se</span> 
     </span>
     <span class='ocr_line' id='line_1_29' title="bbox 114 2384 863 2455; baseline 0.004 -22"><span class='ocrx_word' id='word_1_201' title='bbox 114 2384 247 2434; x_wconf 87' lang='lat' dir='ltr'>decumam</span> <span class='ocrx_word' id='word_1_202' title='bbox 259 2385 356 2436; x_wconf 75' lang='lat' dir='ltr'>vovisse</span> <span class='ocrx_word' id='word_1_203' title='bbox 368 2388 454 2454; x_wconf 81' lang='lat' dir='ltr'>praedae</span> <span class='ocrx_word' id='word_1_204' title='bbox 466 2398 560 2455; x_wconf 89' lang='lat' dir='ltr'>partem</span> <span class='ocrx_word' id='word_1_205' title='bbox 573 2402 649 2453; x_wconf 89' lang='lat' dir='ltr'>quum</span> <span class='ocrx_word' id='word_1_206' title='bbox 660 2386 752 2437; x_wconf 88' lang='lat' dir='ltr'>diceret</span> <span class='ocrx_word' id='word_1_207' title='bbox 769 2385 863 2447; x_wconf 64' lang='lat' dir='ltr'>Cami17</span> 
     </span>
    </p>
   </div>
   <div class='ocr_carea' id='block_1_5' title="bbox 82 2459 862 2911">
    <p class='ocr_par' dir='ltr' id='par_1_6' title="bbox 82 2459 862 2911">
     <span class='ocr_line' id='line_1_30' title="bbox 114 2459 862 2533; baseline 0.004 -25"><span class='ocrx_word' id='word_1_208' title='bbox 114 2459 162 2521; x_wconf 80' lang='lat' dir='ltr'>lus,</span> <span class='ocrx_word' id='word_1_209' title='bbox 172 2460 300 2524; x_wconf 78' lang='lat' dir='ltr'>pontifices</span> <span class='ocrx_word' id='word_1_210' title='bbox 309 2462 455 2512; x_wconf 87' lang='lat' dir='ltr'>solvendum</span> <span class='ocrx_word' id='word_1_211' title='bbox 463 2464 583 2533; x_wconf 82' lang='lat' dir='ltr'>religione</span> <span class='ocrx_word' id='word_1_212' title='bbox 592 2463 712 2530; x_wconf 85' lang='lat' dir='ltr'>populum</span> <span class='ocrx_word' id='word_1_213' title='bbox 721 2461 862 2525; x_wconf 68' lang='lat' dir='ltr'>censerentp</span> 
     </span>
     <span class='ocr_line' id='line_1_31' title="bbox 116 2535 862 2606; baseline 0 -17"><span class='ocrx_word' id='word_1_214' title='bbox 116 2535 182 2589; x_wconf 88' lang='lat' dir='ltr'>baud</span> <span class='ocrx_word' id='word_1_215' title='bbox 193 2536 264 2587; x_wconf 75' lang='lat' dir='ltr'>facile</span> <span class='ocrx_word' id='word_1_216' title='bbox 274 2539 383 2593; x_wconf 87' lang='lat' dir='ltr'>inibatur</span> <span class='ocrx_word' id='word_1_217' title='bbox 396 2540 462 2597; x_wconf 85' lang='lat' dir='ltr'>ratio</span> <span class='ocrx_word' id='word_1_218' title='bbox 472 2539 575 2601; x_wconf 81' lang='lat' dir='ltr'>jubendi</span> <span class='ocrx_word' id='word_1_219' title='bbox 590 2539 681 2589; x_wconf 81' lang='lat' dir='ltr'>referre</span> <span class='ocrx_word' id='word_1_220' title='bbox 697 2538 803 2604; x_wconf 84' lang='lat' dir='ltr'>praedam</span> <span class='ocrx_word' id='word_1_221' title='bbox 814 2553 862 2606; x_wconf 86' lang='lat' dir='ltr'>po-</span> 
     </span>
     <span class='ocr_line' id='line_1_32' title="bbox 116 2615 861 2682; baseline 0.004 -18"><span class='ocrx_word' id='word_1_222' title='bbox 116 2615 211 2682; x_wconf 81' lang='lat' dir='ltr'>pulum,</span> <span class='ocrx_word' id='word_1_223' title='bbox 227 2625 256 2664; x_wconf 87' lang='lat' dir='ltr'>ut</span> <span class='ocrx_word' id='word_1_224' title='bbox 272 2630 305 2665; x_wconf 86' lang='lat' dir='ltr'>ex</span> <span class='ocrx_word' id='word_1_225' title='bbox 319 2630 347 2665; x_wconf 87' lang='lat' dir='ltr'>ea</span> <span class='ocrx_word' id='word_1_226' title='bbox 365 2632 420 2682; x_wconf 82' lang='lat' dir='ltr'>pars</span> <span class='ocrx_word' id='word_1_227' title='bbox 433 2615 515 2665; x_wconf 85' lang='lat' dir='ltr'>debita</span> <span class='ocrx_word' id='word_1_228' title='bbox 532 2619 558 2667; x_wconf 83' lang='lat' dir='ltr'>in</span> <span class='ocrx_word' id='word_1_229' title='bbox 574 2616 670 2666; x_wconf 79' lang='lat' dir='ltr'>lacrum</span> <span class='ocrx_word' id='word_1_230' title='bbox 687 2615 861 2667; x_wconf 85' lang='lat' dir='ltr'>secerneretur.</span> 
     </span>
     <span class='ocr_line' id='line_1_33' title="bbox 117 2689 861 2756; baseline -0.005 -13"><span class='ocrx_word' id='word_1_231' title='bbox 117 2690 216 2743; x_wconf 83' lang='lat' dir='ltr'>tandem</span> <span class='ocrx_word' id='word_1_232' title='bbox 233 2693 271 2753; x_wconf 86' lang='lat' dir='ltr'>ed,</span> <span class='ocrx_word' id='word_1_233' title='bbox 289 2691 356 2756; x_wconf 90' lang='lat' dir='ltr'>quod</span> <span class='ocrx_word' id='word_1_234' title='bbox 366 2692 513 2742; x_wconf 70' lang='lat' dir='ltr'>levissimum</span> <span class='ocrx_word' id='word_1_235' title='bbox 523 2693 662 2755; x_wconf 82' lang='lat' dir='ltr'>videbatur,</span> <span class='ocrx_word' id='word_1_236' title='bbox 669 2691 671 2696; x_wconf 76' lang='grc'>’</span> <span class='ocrx_word' id='word_1_237' title='bbox 679 2691 808 2740; x_wconf 83' lang='lat' dir='ltr'>decursum</span> <span class='ocrx_word' id='word_1_238' title='bbox 819 2689 861 2755; x_wconf 80' lang='lat' dir='ltr'>eli,</span> 
     </span>
     <span class='ocr_line' id='line_1_34' title="bbox 82 2765 862 2832; baseline 0.003 -15"><span class='ocrx_word' id='word_1_239' title='bbox 82 2779 84 2783; x_wconf 84' lang='lat'>&#39;</span> <span class='ocrx_word' id='word_1_240' title='bbox 102 2775 104 2779; x_wconf 88' lang='lat'>&#39;</span> <span class='ocrx_word' id='word_1_241' title='bbox 116 2777 153 2829; x_wconf 85' lang='lat' dir='ltr'>ut,</span> <span class='ocrx_word' id='word_1_242' title='bbox 170 2767 212 2831; x_wconf 90' lang='lat' dir='ltr'>qui</span> <span class='ocrx_word' id='word_1_243' title='bbox 224 2765 249 2815; x_wconf 90' lang='lat' dir='ltr'>se</span> <span class='ocrx_word' id='word_1_244' title='bbox 260 2766 410 2832; x_wconf 82' lang='lat' dir='ltr'>domumque</span> <span class='ocrx_word' id='word_1_245' title='bbox 422 2768 540 2831; x_wconf 87' lang='lat' dir='ltr'>religione</span> <span class='ocrx_word' id='word_1_246' title='bbox 548 2769 677 2820; x_wconf 81' lang='lat' dir='ltr'>exsolvere</span> <span class='ocrx_word' id='word_1_247' title='bbox 688 2769 770 2831; x_wconf 87' lang='lat' dir='ltr'>vellet,</span> <span class='ocrx_word' id='word_1_248' title='bbox 783 2783 862 2832; x_wconf 86' lang='lat' dir='ltr'>quum</span> 
     </span>
     <span class='ocr_line' id='line_1_35' title="bbox 115 2841 862 2911; baseline 0 -17"><span class='ocrx_word' id='word_1_249' title='bbox 115 2844 212 2894; x_wconf 84' lang='lat' dir='ltr'>fibimet</span> <span class='ocrx_word' id='word_1_250' title='bbox 232 2841 282 2910; x_wconf 87' lang='lat' dir='ltr'>ipse</span> <span class='ocrx_word' id='word_1_251' title='bbox 302 2844 409 2911; x_wconf 81' lang='lat' dir='ltr'>pradam</span> <span class='ocrx_word' id='word_1_252' title='bbox 420 2844 552 2895; x_wconf 71' lang='lat' dir='ltr'>aestimdffet</span> <span class='ocrx_word' id='word_1_253' title='bbox 568 2846 645 2909; x_wconf 84' lang='lat' dir='ltr'>suam,</span> <span class='ocrx_word' id='word_1_254' title='bbox 662 2845 771 2895; x_wconf 85' lang='lat' dir='ltr'>decumae</span> <span class='ocrx_word' id='word_1_255' title='bbox 785 2844 862 2911; x_wconf 87' lang='lat' dir='ltr'>preti·</span> 
     </span>
    </p>
   </div>
   <div class='ocr_carea' id='block_1_6' title="bbox 89 2919 910 3084">
    <p class='ocr_par' dir='ltr' id='par_1_7' title="bbox 89 2919 910 3084">
     <span class='ocr_line' id='line_1_36' title="bbox 115 2919 861 2985; baseline 0.001 -17"><span class='ocrx_word' id='word_1_256' title='bbox 115 2934 160 2974; x_wconf 90' lang='lat' dir='ltr'>um</span> <span class='ocrx_word' id='word_1_257' title='bbox 172 2919 245 2984; x_wconf 81' lang='lat' dir='ltr'>partia</span> <span class='ocrx_word' id='word_1_258' title='bbox 257 2919 282 2968; x_wconf 92' lang='lat' dir='ltr'>in</span> <span class='ocrx_word' id='word_1_259' title='bbox 292 2920 418 2985; x_wconf 89' lang='lat' dir='ltr'>publicum</span> <span class='ocrx_word' id='word_1_260' title='bbox 428 2919 533 2970; x_wconf 79' lang='lat' dir='ltr'>deferret</span> <span class='ocrx_word' id='word_1_261' title='bbox 543 2939 549 2970; x_wconf 90' lang='lat'>:</span> <span class='ocrx_word' id='word_1_262' title='bbox 561 2919 595 2971; x_wconf 63' lang='lat' dir='ltr'>”ut</span> <span class='ocrx_word' id='word_1_263' title='bbox 604 2935 636 2971; x_wconf 84' lang='lat' dir='ltr'>ex</span> <span class='ocrx_word' id='word_1_264' title='bbox 644 2935 676 2971; x_wconf 94' lang='lat' dir='ltr'>eo</span> <span class='ocrx_word' id='word_1_265' title='bbox 684 2921 778 2971; x_wconf 91' lang='lat' dir='ltr'>donum</span> <span class='ocrx_word' id='word_1_266' title='bbox 789 2935 861 2969; x_wconf 86' lang='lat' dir='ltr'>aure·</span> 
     </span>
     <span class='ocr_line' id='line_1_37' title="bbox 89 2989 910 3084; baseline -0.001 -34"><span class='ocrx_word' id='word_1_267' title='bbox 89 3074 93 3084; x_wconf 37' lang='grc' dir='ltr'>Ι</span> <span class='ocrx_word' id='word_1_268' title='bbox 116 3000 168 3063; x_wconf 74' lang='lat' dir='ltr'>um,</span> <span class='ocrx_word' id='word_1_269' title='bbox 185 2994 287 3065; x_wconf 75' lang='lat' dir='ltr'>dignum</span> <span class='ocrx_word' id='word_1_270' title='bbox 296 2995 764 3075; x_wconf 72' lang='lat' dir='ltr'>amplitudinetempliacmuuinenei,</span> <span class='ocrx_word' id='word_1_271' title='bbox 781 2995 861 3049; x_wconf 61' lang='lat' dir='ltr'>exdi»</span> <span class='ocrx_word' id='word_1_272' title='bbox 902 2989 910 3001; x_wconf 82' lang='grc'><em>“</em></span> 
     </span>
    </p>
   </div>
   <div class='ocr_carea' id='block_1_7' title="bbox 762 3082 860 3143">
    <p class='ocr_par' dir='ltr' id='par_1_8' title="bbox 762 3082 860 3143">
     <span class='ocr_line' id='line_1_38' title="bbox 762 3082 860 3143; baseline 0 -17"><span class='ocrx_word' id='word_1_273' title='bbox 762 3082 860 3143; x_wconf 72' lang='lat' dir='ltr'>grinte</span> 
     </span>
    </p>
   </div>
   <div class='ocr_carea' id='block_1_8' title="bbox 0 0 986 3660">
    <p class='ocr_par' dir='ltr' id='par_1_9' title="bbox 0 0 986 3660">
     <span class='ocr_line' id='line_1_39' title="bbox 0 0 986 3660; baseline 0 0"><span class='ocrx_word' id='word_1_274' title='bbox 0 0 986 3660; x_wconf 95' lang='lat' dir='ltr'> </span> 
     </span>
    </p>
   </div>
  </div>
 </body>
</html>
