1964 3660
106 192 160 252 old
367 191 600 243 'nLtvrr

106 280 144 331 bis
162 292 266 343 cor-pora
284 275 418 331 salubriora
430 278 476 326 elle
492 280 619 345 incipere:
637 281 762 350 verlisque
773 288 865 341 animia

107 357 159 418 jam
171 355 200 402 ad
214 354 336 418 publicam
352 369 445 414 curam,
463 370 540 418 quum
558 357 652 422 aliquot
664 361 865 427 interregnau.

104 430 184 492 luent,
203 433 229 477 P.
247 429 358 480 Valerius
374 429 502 479 Publicola
517 432 592 481 tertio
604 433 652 498 dic,
669 430 744 500 quim
756 440 865 493 interre-
908 430 913 439 ¹

101 524 184 572 gnum
202 507 297 568 inierat,
315 504 426 555 eonsules
443 518 509 556 creat
526 510 558 557 L.
572 512 717 562 Lucretium
729 517 865 585 Tricipiti·

103 600 167 637 num
177 587 201 635 &
212 588 246 633 T.
257 585 388 633 Veturium
399 586 535 634 Geminum
545 605 551 646 ;
564 587 615 637 five
627 591 667 640 ille
676 593 793 651 Vetusius
804 595 864 651 fuit.

106 668 173 714 Ante
194 662 258 712 diem
272 662 376 710 tertium
396 661 454 723 Idus
474 665 576 713 Sextiles
589 666 745 719 consulatum
763 671 863 738 ineunt,

103 742 156 805 jam
169 741 225 792 satis
239 739 321 791 validi
337 740 448 805 civitate,
465 752 494 790 ut
505 757 555 791 non
566 741 648 793 solum
659 761 742 797 arcere
755 747 863 815 bellum,

104 819 148 870 sed
163 820 230 870 ultro
250 819 325 868 etiam
343 818 433 867 inferre
450 816 536 884 posset.
571 819 659 884 Igitur,
681 825 862 882 nunciantibus

17 931 20 935 -
77 933 80 937 ,
104 898 226 962 Hernicis,
243 898 270 947 in
289 896 350 946 fines
371 893 427 944 suos
446 891 618 943 transcendisse
638 897 725 962 holles,
748 899 861 968 impIgne

106 976 250 1045 promissum
262 976 392 1026 auxilium.
414 971 465 1021 dno
477 968 617 1036 consulares
627 976 751 1024 exercitus
760 975 860 1045 scripti,

103 1054 223 1102 Veturius
234 1051 315 1101 millus
328 1052 353 1099 in
363 1042 466 1098 Volsc'os
474 1045 504 1095 ad
512 1045 603 1096 bellurn
612 1047 678 1098 ultro
690 1044 859 1111 inferendum}

103 1131 277 1196 Tricipitinus,
284 1125 485 1193 populationibus
493 1123 602 1174 arcendis
609 1123 734 1177 sociorum
743 1145 806 1195 agro
813 1130 861 1200 op-

101 1206 204 1274 posrtus,
222 1220 273 1255 non
284 1204 355 1264 ultro,
373 1206 447 1268 quim
463 1202 490 1250 in
502 1202 631 1266 Hernicos,
649 1204 770 1270 procedit.
809 1213 860 1259 Vo-

103 1285 183 1334 turius
195 1284 275 1350 primo
290 1280 376 1347 proelio
388 1279 467 1329 hostes
478 1277 560 1329 fundit
574 1278 701 1346 fugatque.
736 1285 856 1344 Lucreti,-

102 1375 158 1425 um,
175 1359 235 1410 dum
249 1359 275 1407 in
287 1357 398 1407 Hernicis
411 1355 485 1420 sedet,
503 1354 646 1423 predonum
658 1373 747 1422 agmen
758 1359 857 1429 fefellit,

103 1437 179 1505 supra
195 1446 291 1486 montes
310 1434 466 1484 Praenestinos
486 1433 595 1498 dulium,
610 1434 669 1487 inde
686 1435 817 1489 demissum
827 1441 856 1493 in

101 1529 215 1582 campos.
250 1512 384 1562 vastavere
396 1525 468 1575 agros
480 1508 652 1562 Praenellinum
662 1513 855 1582 Gabinumque:

101 1607 139 1644 ex
151 1592 251 1643 Gabino
263 1591 289 1639 in
301 1588 458 1638 Tusculanos
472 1589 563 1637 flexere
575 1587 658 1636 colles.
685 1588 742 1638 urbi
753 1576 856 1659 <suoque

104 1675 192 1724 Romae
203 1670 287 1734 ingens
295 1667 410 1734 praebitus
422 1677 509 1729 terror,
520 1664 598 1728 magis
609 1665 634 1713 in
646 1680 672 1712 re
684 1664 771 1732 subita,
778 1674 854 1733 quam

100 1747 171 1816 quod
185 1748 216 1798 ad
227 1743 357 1797 arcendam
365 1745 420 1794 vim
429 1759 517 1810 parum
526 1741 618 1791 virium
628 1739 694 1791 effer,
730 1747 766 1808 Q.
778 1744 853 1793 Fabi.

101 1841 133 1876 us
151 1835 253 1895 praeerat
267 1823 332 1874 urbi.
366 1822 395 1885 is,
412 1819 506 1870 armati
522 1818 663 1882 juventure,
685 1816 855 1885 dispositisque

102 1906 227 1975 praesidiis,
245 1914 299 1964 tuta
310 1901 395 1952 omnia
412 1915 440 1948 ac
457 1895 588 1962 tranquilla
598 1894 666 1945 fecit.
701 1898 789 1962 Itaque
805 1898 851 1948 ho·
917 1941 920 1945 .

103 1986 157 2050 stes,
172 1982 256 2052 -praedi
267 1997 299 2030 ex
311 1979 432 2047 proximis
443 1977 503 2026 locis
515 1975 593 2041 rapti,
604 1973 803 2040 appropinquare
814 1989 854 2024 ur

102 2065 130 2114 bi
142 2080 193 2113 non
209 2060 267 2123 aust,
284 2074 361 2124 quum
373 2053 521 2105 eircumatlo
532 2053 630 2115 agmine
641 2051 756 2116 redirent,
774 2068 852 2118 quan.

103 2129 133 2191 ti>
147 2140 245 2200 longius
261 2137 293 2183 ab
312 2134 373 2181 urbe
386 2127 673 2187 hostiumabscederent,
692 2142 722 2174 eo
734 2128 853 2180 solutiore

99 2217 162 2265 euri
174 2215 198 2260 in
209 2210 352 2258 Lucretium
363 2204 475 2253 incidunt
484 2201 617 2260 consulem,
632 2199 684 2259 jam
693 2205 750 2248 ante
761 2207 850 2267 expio.

101 2290 162 2342 ratis
180 2283 307 2335 itineribus
324 2281 371 2329 suis
387 2275 536 2336 inllmtium
553 2276 579 2323 ἃ
590 2273 620 2323 ad
631 2282 754 2322 certamen
768 2277 849 2327 inten-
876 2304 879 2309 -

100 2378 165 2420 tum.
192 2363 280 2426 Igitur,
292 2356 432 2427 praeparatis
442 2354 538 2417 animis,
550 2351 679 2420 repentino
690 2366 785 2418 pavore
797 2371 851 2423 pers
876 2412 879 2417 ι

99 2445 183 2498 eullos
194 2431 284 2504 adorti,
300 2433 427 2503 aliquanto
437 2432 564 2503 pauciores
572 2429 754 2484 multitudinem
763 2435 850 2500 ingen.

101 2535 155 2578 tem
168 2519 275 2572 fundunt
291 2517 440 2582 fugantque;
458 2514 483 2563 ἃ
493 2510 633 2580 compulsos
643 2511 670 2558 in
681 2525 755 2562 cavas
766 2515 850 2582 valles,

99 2618 181 2672 quum
190 2599 271 2649 exitus
283 2595 347 2646 haud
356 2595 382 2644 in
390 2592 456 2642 facili
465 2591 548 2655 client,
565 2589 774 2640 circumveniunt.
809 2593 850 2643 Ibi

100 2681 222 2735 Volscum
238 2691 329 2727 nomen
346 2676 423 2743 pro'pe
439 2671 547 2721 deletum
567 2669 609 2718 est.
639 2665 758 2719 tredecim
770 2670 850 2722 millia

26 2784 32 2800 ·
100 2760 298 2828 quadringentos>
314 2753 468 2822 septuaginta
484 2748 595 2803 cecidisse
614 2749 641 2798 in
660 2746 713 2796 acie
732 2763 761 2796 ac
779 2747 848 2815 fuga,

99 2841 169 2893 mille
179 2838 297 2887 ducentos
309 2833 486 2900 quinquaginta
497 2832 572 2881 vivos
582 2834 675 2894 captet,
691 2825 757 2890 figna
769 2826 850 2890 vigin-

99 2919 121 2968 ti
133 2916 225 2983 septem
236 2904 352 2964 militaria
366 2913 450 2976 relata,
467 2912 494 2960 in
510 2907 656 2977 quibusdam
673 2904 799 2953 annalibus
810 2906 848 2953 in-

100 2994 188 3078 tersis„
214 2992 260 3043 ubi
274 2994 322 3050 ctu
333 2990 457 3059 adieiium
475 2988 569 3071 aliquid
581 2999 687 3044 ntuneto
703 2983 740 3054 sit,
756 2996 848 3109 magna

136 3090 140 3099 ·
780 3071 847 3112 cere
