<?xml version="1.0" encoding="UTF-8"?>
<!DOCTYPE html PUBLIC "-//W3C//DTD XHTML 1.0 Transitional//EN"
    "http://www.w3.org/TR/xhtml1/DTD/xhtml1-transitional.dtd">
<html xmlns="http://www.w3.org/1999/xhtml" xml:lang="en" lang="en">
 <head>
  <title>
</title>
<meta http-equiv="Content-Type" content="text/html;charset=utf-8" />
  <meta name='ocr-system' content='tesseract 3.04.00' />
  <meta name='ocr-capabilities' content='ocr_page ocr_carea ocr_par ocr_line ocrx_word'/>
</head>
<body>
  <div class='ocr_page' id='page_1' title='image "./titiliviipatavi00livygoog_0405.png"; bbox 0 0 1964 3660; ppageno 0'>
   <div class='ocr_carea' id='block_1_1' title="bbox 144 152 633 213">
    <p class='ocr_par' dir='ltr' id='par_1_1' title="bbox 144 152 633 213">
     <span class='ocr_line' id='line_1_1' title="bbox 144 152 633 213; baseline 0.012 -16"><span class='ocrx_word' id='word_1_1' title='bbox 144 165 201 213; x_wconf 77' lang='grc'><strong>,394</strong></span> <span class='ocrx_word' id='word_1_2' title='bbox 404 152 633 205; x_wconf 54' lang='lat' dir='ltr'>&#39;12less</span> 
     </span>
    </p>
   </div>
   <div class='ocr_carea' id='block_1_2' title="bbox 136 240 948 3080">
    <p class='ocr_par' dir='ltr' id='par_1_2' title="bbox 136 240 915 2782">
     <span class='ocr_line' id='line_1_2' title="bbox 152 240 902 309; baseline 0.005 -18"><span class='ocrx_word' id='word_1_3' title='bbox 152 240 234 291; x_wconf 83' lang='lat' dir='ltr'>randis</span> <span class='ocrx_word' id='word_1_4' title='bbox 252 241 411 306; x_wconf 82' lang='lat' dir='ltr'>religionibus</span> <span class='ocrx_word' id='word_1_5' title='bbox 430 243 523 307; x_wconf 73' lang='lat' dir='ltr'>danim,</span> <span class='ocrx_word' id='word_1_6' title='bbox 540 253 583 293; x_wconf 87' lang='lat' dir='ltr'>aut</span> <span class='ocrx_word' id='word_1_7' title='bbox 599 241 722 308; x_wconf 76' lang='lat' dir='ltr'><strong>religione</strong></span> <span class='ocrx_word' id='word_1_8' title='bbox 733 241 841 309; x_wconf 77' lang='lat' dir='ltr'>animos,</span> <span class='ocrx_word' id='word_1_9' title='bbox 857 251 902 295; x_wconf 70' lang='lat' dir='ltr'>aut</span> 
     </span>
     <span class='ocr_line' id='line_1_3' title="bbox 154 320 904 387; baseline 0.007 -21"><span class='ocrx_word' id='word_1_10' title='bbox 154 332 259 383; x_wconf 84' lang='lat' dir='ltr'>corpora</span> <span class='ocrx_word' id='word_1_11' title='bbox 283 320 376 369; x_wconf 87' lang='lat' dir='ltr'>morbis</span> <span class='ocrx_word' id='word_1_12' title='bbox 395 322 501 370; x_wconf 87' lang='lat' dir='ltr'>levavit.</span> <span class='ocrx_word' id='word_1_13' title='bbox 527 320 588 386; x_wconf 89' lang='lat' dir='ltr'>quin</span> <span class='ocrx_word' id='word_1_14' title='bbox 608 322 691 384; x_wconf 82' lang='lat' dir='ltr'>etiam,</span> <span class='ocrx_word' id='word_1_15' title='bbox 709 335 787 387; x_wconf 84' lang='lat' dir='ltr'>quum</span> <span class='ocrx_word' id='word_1_16' title='bbox 807 320 904 383; x_wconf 72' lang='lat' dir='ltr'>medios</span> 
     </span>
     <span class='ocr_line' id='line_1_4' title="bbox 153 393 903 465; baseline 0.003 -20"><span class='ocrx_word' id='word_1_17' title='bbox 153 393 218 445; x_wconf 71' lang='lat' dir='ltr'>sorte</span> <span class='ocrx_word' id='word_1_18' title='bbox 229 394 299 445; x_wconf 91' lang='lat' dir='ltr'>ludos</span> <span class='ocrx_word' id='word_1_19' title='bbox 313 398 391 447; x_wconf 89' lang='lat' dir='ltr'>circus</span> <span class='ocrx_word' id='word_1_20' title='bbox 409 399 497 448; x_wconf 86' lang='lat' dir='ltr'>Tiberi</span> <span class='ocrx_word' id='word_1_21' title='bbox 514 397 642 464; x_wconf 80' lang='lat' dir='ltr'>superfuso</span> <span class='ocrx_word' id='word_1_22' title='bbox 658 399 773 463; x_wconf 82' lang='lat' dir='ltr'>irrigatus</span> <span class='ocrx_word' id='word_1_23' title='bbox 786 396 903 465; x_wconf 82' lang='lat' dir='ltr'>impedis-</span> 
     </span>
     <span class='ocr_line' id='line_1_5' title="bbox 154 469 904 542; baseline 0.003 -22"><span class='ocrx_word' id='word_1_24' title='bbox 154 469 198 534; x_wconf 78' lang='lat' dir='ltr'>set,</span> <span class='ocrx_word' id='word_1_25' title='bbox 215 471 241 521; x_wconf 90' lang='lat' dir='ltr'>id</span> <span class='ocrx_word' id='word_1_26' title='bbox 258 477 327 535; x_wconf 79' lang='lat' dir='ltr'>vero,</span> <span class='ocrx_word' id='word_1_27' title='bbox 344 473 414 523; x_wconf 89' lang='lat' dir='ltr'>velut</span> <span class='ocrx_word' id='word_1_28' title='bbox 425 475 514 524; x_wconf 82' lang='lat' dir='ltr'>averfis</span> <span class='ocrx_word' id='word_1_29' title='bbox 527 475 580 538; x_wconf 86' lang='lat' dir='ltr'>jam</span> <span class='ocrx_word' id='word_1_30' title='bbox 597 476 652 525; x_wconf 88' lang='lat' dir='ltr'>Diis</span> <span class='ocrx_word' id='word_1_31' title='bbox 668 473 904 542; x_wconf 80' lang='lat' dir='ltr'>aspernantibusque</span> 
     </span>
     <span class='ocr_line' id='line_1_6' title="bbox 153 549 903 618; baseline 0.007 -22"><span class='ocrx_word' id='word_1_32' title='bbox 153 549 291 617; x_wconf 81' lang='lat' dir='ltr'>placamina</span> <span class='ocrx_word' id='word_1_33' title='bbox 302 551 352 614; x_wconf 83' lang='lat' dir='ltr'>irae,</span> <span class='ocrx_word' id='word_1_34' title='bbox 370 561 488 602; x_wconf 83' lang='lat' dir='ltr'>terrorem</span> <span class='ocrx_word' id='word_1_35' title='bbox 499 553 625 616; x_wconf 82' lang='lat' dir='ltr'>ingentem</span> <span class='ocrx_word' id='word_1_36' title='bbox 635 552 704 602; x_wconf 87' lang='lat' dir='ltr'>fecit.</span> <span class='ocrx_word' id='word_1_37' title='bbox 739 556 838 618; x_wconf 75' lang='lat' dir='ltr'>Itaque,</span> <span class='ocrx_word' id='word_1_38' title='bbox 855 556 903 603; x_wconf 87' lang='lat' dir='ltr'>Cn.</span> 
     </span>
     <span class='ocr_line' id='line_1_7' title="bbox 156 627 905 693; baseline 0.007 -19"><span class='ocrx_word' id='word_1_39' title='bbox 156 627 279 693; x_wconf 81' lang='lat' dir='ltr'>Geuucin,</span> <span class='ocrx_word' id='word_1_40' title='bbox 298 630 329 676; x_wconf 93' lang='lat' dir='ltr'>L.</span> <span class='ocrx_word' id='word_1_41' title='bbox 347 630 449 680; x_wconf 85' lang='lat' dir='ltr'>AEmilio</span> <span class='ocrx_word' id='word_1_42' title='bbox 468 631 623 681; x_wconf 77' lang='lat' dir='ltr'>Mamercino</span> <span class='ocrx_word' id='word_1_43' title='bbox 641 630 776 681; x_wconf 79' lang='lat' dir='ltr'>secundum</span> <span class='ocrx_word' id='word_1_44' title='bbox 791 627 905 688; x_wconf 72' lang='lat' dir='ltr'>‚consuli-</span> 
     </span>
     <span class='ocr_line' id='line_1_8' title="bbox 154 705 903 774; baseline 0.001 -18"><span class='ocrx_word' id='word_1_45' title='bbox 154 705 208 770; x_wconf 86' lang='lat' dir='ltr'>bus,</span> <span class='ocrx_word' id='word_1_46' title='bbox 218 722 294 771; x_wconf 89' lang='lat' dir='ltr'>quum</span> <span class='ocrx_word' id='word_1_47' title='bbox 304 708 458 774; x_wconf 82' lang='lat' dir='ltr'>piaculorum</span> <span class='ocrx_word' id='word_1_48' title='bbox 467 711 545 772; x_wconf 81' lang='lat' dir='ltr'>magis</span> <span class='ocrx_word' id='word_1_49' title='bbox 556 708 702 774; x_wconf 84' lang='lat' dir='ltr'>conquifitio</span> <span class='ocrx_word' id='word_1_50' title='bbox 711 708 818 772; x_wconf 82' lang='lat' dir='ltr'>animos,</span> <span class='ocrx_word' id='word_1_51' title='bbox 826 713 903 774; x_wconf 66' lang='lat' dir='ltr'>quim</span> 
     </span>
     <span class='ocr_line' id='line_1_9' title="bbox 154 785 903 853; baseline 0 -19"><span class='ocrx_word' id='word_1_52' title='bbox 154 799 261 850; x_wconf 86' lang='lat' dir='ltr'>corpora</span> <span class='ocrx_word' id='word_1_53' title='bbox 272 787 363 850; x_wconf 85' lang='lat' dir='ltr'>morbi,</span> <span class='ocrx_word' id='word_1_54' title='bbox 380 786 511 850; x_wconf 88' lang='lat' dir='ltr'>afficerent,</span> <span class='ocrx_word' id='word_1_55' title='bbox 527 786 659 853; x_wconf 82' lang='lat' dir='ltr'>repetitum</span> <span class='ocrx_word' id='word_1_56' title='bbox 671 801 705 837; x_wconf 82' lang='lat' dir='ltr'>ex</span> <span class='ocrx_word' id='word_1_57' title='bbox 715 785 842 835; x_wconf 84' lang='lat' dir='ltr'>seniorum</span> <span class='ocrx_word' id='word_1_58' title='bbox 852 798 903 834; x_wconf 87' lang='lat' dir='ltr'>me·</span> 
     </span>
     <span class='ocr_line' id='line_1_10' title="bbox 153 860 901 929; baseline 0 -17"><span class='ocrx_word' id='word_1_59' title='bbox 153 862 343 927; x_wconf 74' lang='lat' dir='ltr'>monadicum,</span> <span class='ocrx_word' id='word_1_60' title='bbox 360 862 520 929; x_wconf 83' lang='lat' dir='ltr'>pestilentiam</span> <span class='ocrx_word' id='word_1_61' title='bbox 532 863 656 927; x_wconf 82' lang='lat' dir='ltr'>quondam</span> <span class='ocrx_word' id='word_1_62' title='bbox 668 863 741 919; x_wconf 78' lang='lat' dir='ltr'>clavo</span> <span class='ocrx_word' id='word_1_63' title='bbox 752 862 785 912; x_wconf 86' lang='lat' dir='ltr'>ab</span> <span class='ocrx_word' id='word_1_64' title='bbox 796 860 901 924; x_wconf 65' lang='lat' dir='ltr'>distare-</span> 
     </span>
     <span class='ocr_line' id='line_1_11' title="bbox 154 935 900 1009; baseline -0.003 -21"><span class='ocrx_word' id='word_1_65' title='bbox 154 952 181 988; x_wconf 75' lang='grc' dir='ltr'>τε</span> <span class='ocrx_word' id='word_1_66' title='bbox 199 937 252 987; x_wconf 83' lang='lat' dir='ltr'>fixo</span> <span class='ocrx_word' id='word_1_67' title='bbox 270 937 386 988; x_wconf 84' lang='lat' dir='ltr'>sedatam.</span> <span class='ocrx_word' id='word_1_68' title='bbox 395 938 458 1009; x_wconf 49' lang='lat' dir='ltr'>spi</span> <span class='ocrx_word' id='word_1_69' title='bbox 474 939 593 1002; x_wconf 81' lang='lat' dir='ltr'>religione</span> <span class='ocrx_word' id='word_1_70' title='bbox 610 937 726 988; x_wconf 71' lang='lat' dir='ltr'>adduiius</span> <span class='ocrx_word' id='word_1_71' title='bbox 739 937 846 1007; x_wconf 59' lang='lat' dir='ltr'>lenitus</span> <span class='ocrx_word' id='word_1_72' title='bbox 861 935 900 986; x_wconf 89' lang='lat' dir='ltr'>di·</span> 
     </span>
     <span class='ocr_line' id='line_1_12' title="bbox 154 1012 901 1084; baseline -0.001 -19"><span class='ocrx_word' id='word_1_73' title='bbox 154 1012 273 1084; x_wconf 69' lang='lat' dir='ltr'>{latorem</span> <span class='ocrx_word' id='word_1_74' title='bbox 284 1015 349 1063; x_wconf 88' lang='lat' dir='ltr'>clavi</span> <span class='ocrx_word' id='word_1_75' title='bbox 362 1014 451 1079; x_wconf 71' lang='lat' dir='ltr'>figendi</span> <span class='ocrx_word' id='word_1_76' title='bbox 463 1015 593 1083; x_wconf 72' lang='lat' dir='ltr'>causidici</span> <span class='ocrx_word' id='word_1_77' title='bbox 602 1013 677 1079; x_wconf 82' lang='lat' dir='ltr'>jusfit.</span> <span class='ocrx_word' id='word_1_78' title='bbox 695 1012 772 1065; x_wconf 71' lang='lat' dir='ltr'>diuus</span> <span class='ocrx_word' id='word_1_79' title='bbox 783 1015 816 1063; x_wconf 92' lang='lat' dir='ltr'>L.</span> <span class='ocrx_word' id='word_1_80' title='bbox 825 1016 901 1064; x_wconf 77' lang='lat' dir='ltr'>Man-</span> 
     </span>
     <span class='ocr_line' id='line_1_13' title="bbox 153 1089 900 1160; baseline -0.001 -20"><span class='ocrx_word' id='word_1_81' title='bbox 153 1090 208 1141; x_wconf 64' lang='lat' dir='ltr'>lius&gt;</span> <span class='ocrx_word' id='word_1_82' title='bbox 218 1089 373 1158; x_wconf 82' lang='lat' dir='ltr'>Imperiosus,</span> <span class='ocrx_word' id='word_1_83' title='bbox 392 1094 422 1139; x_wconf 91' lang='lat' dir='ltr'>L.</span> <span class='ocrx_word' id='word_1_84' title='bbox 436 1091 560 1140; x_wconf 86' lang='lat' dir='ltr'>Pinarium</span> <span class='ocrx_word' id='word_1_85' title='bbox 579 1090 846 1156; x_wconf 80' lang='lat' dir='ltr'>magistrumequitum</span> <span class='ocrx_word' id='word_1_86' title='bbox 862 1089 900 1160; x_wconf 86' lang='lat' dir='ltr'>di-</span> 
     </span>
     <span class='ocr_line' id='line_1_14' title="bbox 153 1164 902 1234; baseline -0.005 -16"><span class='ocrx_word' id='word_1_87' title='bbox 153 1166 202 1218; x_wconf 85' lang='lat' dir='ltr'>xit.</span> <span class='ocrx_word' id='word_1_88' title='bbox 237 1169 293 1216; x_wconf 82' lang='lat' dir='ltr'>Lex</span> <span class='ocrx_word' id='word_1_89' title='bbox 304 1167 399 1217; x_wconf 84' lang='lat' dir='ltr'>vetusta</span> <span class='ocrx_word' id='word_1_90' title='bbox 411 1167 451 1230; x_wconf 86' lang='lat' dir='ltr'>cll,</span> <span class='ocrx_word' id='word_1_91' title='bbox 468 1165 552 1234; x_wconf 83' lang='lat' dir='ltr'>priscis</span> <span class='ocrx_word' id='word_1_92' title='bbox 569 1167 645 1216; x_wconf 85' lang='lat' dir='ltr'>literis</span> <span class='ocrx_word' id='word_1_93' title='bbox 656 1164 785 1233; x_wconf 85' lang='lat' dir='ltr'>verbisque</span> <span class='ocrx_word' id='word_1_94' title='bbox 803 1164 902 1232; x_wconf 70' lang='lat' dir='ltr'>scripto,</span> 
     </span>
     <span class='ocr_line' id='line_1_15' title="bbox 136 1240 901 1312; baseline -0.003 -20"><span class='ocrx_word' id='word_1_95' title='bbox 136 1305 139 1312; x_wconf 19' lang='lat' dir='ltr'><em>A</em></span> <span class='ocrx_word' id='word_1_96' title='bbox 154 1254 191 1304; x_wconf 90' lang='lat' dir='ltr'>ut,</span> <span class='ocrx_word' id='word_1_97' title='bbox 208 1242 250 1307; x_wconf 90' lang='lat' dir='ltr'>qui</span> <span class='ocrx_word' id='word_1_98' title='bbox 262 1252 352 1308; x_wconf 81' lang='lat' dir='ltr'>praetor</span> <span class='ocrx_word' id='word_1_99' title='bbox 368 1243 491 1292; x_wconf 80' lang='lat' dir='ltr'>maximus</span> <span class='ocrx_word' id='word_1_100' title='bbox 504 1241 540 1306; x_wconf 76' lang='lat' dir='ltr'>lit,</span> <span class='ocrx_word' id='word_1_101' title='bbox 558 1243 641 1292; x_wconf 89' lang='lat' dir='ltr'>Idibus</span> <span class='ocrx_word' id='word_1_102' title='bbox 654 1241 836 1310; x_wconf 83' lang='lat' dir='ltr'>Septembribus</span> <span class='ocrx_word' id='word_1_103' title='bbox 851 1240 901 1300; x_wconf 59' lang='lat' dir='ltr'>cla,-</span> 
     </span>
     <span class='ocr_line' id='line_1_16' title="bbox 154 1318 901 1393; baseline 0 -22"><span class='ocrx_word' id='word_1_104' title='bbox 154 1337 216 1371; x_wconf 85' lang='lat' dir='ltr'>vum</span> <span class='ocrx_word' id='word_1_105' title='bbox 228 1330 327 1385; x_wconf 79' lang='lat' dir='ltr'>pangat.</span> <span class='ocrx_word' id='word_1_106' title='bbox 363 1322 426 1369; x_wconf 82' lang='lat' dir='ltr'>Fixa</span> <span class='ocrx_word' id='word_1_107' title='bbox 437 1319 486 1369; x_wconf 87' lang='lat' dir='ltr'>iuit</span> <span class='ocrx_word' id='word_1_108' title='bbox 500 1319 589 1370; x_wconf 81' lang='lat' dir='ltr'>dextro</span> <span class='ocrx_word' id='word_1_109' title='bbox 601 1321 671 1370; x_wconf 85' lang='lat' dir='ltr'>lateri</span> <span class='ocrx_word' id='word_1_110' title='bbox 682 1321 738 1370; x_wconf 83' lang='lat' dir='ltr'>aedis</span> <span class='ocrx_word' id='word_1_111' title='bbox 750 1321 823 1386; x_wconf 84' lang='lat' dir='ltr'>Jovis</span> <span class='ocrx_word' id='word_1_112' title='bbox 834 1318 901 1393; x_wconf 66' lang='lat' dir='ltr'>opti·</span> 
     </span>
     <span class='ocr_line' id='line_1_17' title="bbox 153 1397 915 1466; baseline -0.003 -18"><span class='ocrx_word' id='word_1_113' title='bbox 153 1400 190 1448; x_wconf 90' lang='lat' dir='ltr'>mi</span> <span class='ocrx_word' id='word_1_114' title='bbox 200 1397 313 1458; x_wconf 82' lang='lat' dir='ltr'>maximi,</span> <span class='ocrx_word' id='word_1_115' title='bbox 330 1411 363 1445; x_wconf 85' lang='lat' dir='ltr'>cx</span> <span class='ocrx_word' id='word_1_116' title='bbox 374 1413 422 1462; x_wconf 86' lang='lat' dir='ltr'>qua</span> <span class='ocrx_word' id='word_1_117' title='bbox 433 1407 501 1463; x_wconf 86' lang='lat' dir='ltr'>parte</span> <span class='ocrx_word' id='word_1_118' title='bbox 512 1398 633 1448; x_wconf 85' lang='lat' dir='ltr'>Minervae</span> <span class='ocrx_word' id='word_1_119' title='bbox 645 1398 763 1466; x_wconf 87' lang='lat' dir='ltr'>templum</span> <span class='ocrx_word' id='word_1_120' title='bbox 773 1398 815 1448; x_wconf 82' lang='lat' dir='ltr'>est.</span> <span class='ocrx_word' id='word_1_121' title='bbox 835 1397 915 1456; x_wconf 74' lang='lat' dir='ltr'>Eum&#39;</span> 
     </span>
     <span class='ocr_line' id='line_1_18' title="bbox 145 1473 901 1540; baseline -0.003 -15"><span class='ocrx_word' id='word_1_122' title='bbox 145 1475 263 1537; x_wconf 73' lang='lat' dir='ltr'>clavum,</span> <span class='ocrx_word' id='word_1_123' title='bbox 282 1474 338 1537; x_wconf 87' lang='lat' dir='ltr'>quia</span> <span class='ocrx_word' id='word_1_124' title='bbox 350 1489 409 1522; x_wconf 85' lang='lat' dir='ltr'>rarae</span> <span class='ocrx_word' id='word_1_125' title='bbox 421 1488 464 1539; x_wconf 88' lang='lat' dir='ltr'>pcr</span> <span class='ocrx_word' id='word_1_126' title='bbox 474 1488 503 1520; x_wconf 86' lang='lat' dir='ltr'>ea</span> <span class='ocrx_word' id='word_1_127' title='bbox 515 1484 627 1540; x_wconf 87' lang='lat' dir='ltr'>tempora</span> <span class='ocrx_word' id='word_1_128' title='bbox 636 1473 713 1526; x_wconf 84' lang='lat' dir='ltr'>literae</span> <span class='ocrx_word' id='word_1_129' title='bbox 724 1484 801 1539; x_wconf 84' lang='lat' dir='ltr'>erant,</span> <span class='ocrx_word' id='word_1_130' title='bbox 813 1485 901 1534; x_wconf 81' lang='lat' dir='ltr'>notam</span> 
     </span>
     <span class='ocr_line' id='line_1_19' title="bbox 153 1544 900 1619; baseline 0.004 -19"><span class='ocrx_word' id='word_1_131' title='bbox 153 1551 250 1604; x_wconf 85' lang='lat' dir='ltr'>numeri</span> <span class='ocrx_word' id='word_1_132' title='bbox 266 1565 388 1600; x_wconf 84' lang='lat' dir='ltr'>annorum</span> <span class='ocrx_word' id='word_1_133' title='bbox 404 1549 474 1604; x_wconf 74' lang='lat' dir='ltr'>luisse</span> <span class='ocrx_word' id='word_1_134' title='bbox 490 1549 588 1601; x_wconf 82' lang='lat' dir='ltr'>ferunt:</span> <span class='ocrx_word' id='word_1_135' title='bbox 607 1567 686 1619; x_wconf 87' lang='lat' dir='ltr'>eoque</span> <span class='ocrx_word' id='word_1_136' title='bbox 698 1553 824 1613; x_wconf 51' lang='lat' dir='ltr'>Mineruae,</span> <span class='ocrx_word' id='word_1_137' title='bbox 836 1544 900 1603; x_wconf 72' lang='lat' dir='ltr'>¹tem-</span> 
     </span>
     <span class='ocr_line' id='line_1_20' title="bbox 153 1620 900 1698; baseline -0.001 -17"><span class='ocrx_word' id='word_1_138' title='bbox 153 1632 196 1698; x_wconf 84' lang='lat' dir='ltr'>plo</span> <span class='ocrx_word' id='word_1_139' title='bbox 208 1629 314 1696; x_wconf 77' lang='lat' dir='ltr'>dicatam</span> <span class='ocrx_word' id='word_1_140' title='bbox 332 1628 420 1693; x_wconf 81' lang='lat' dir='ltr'>legem,</span> <span class='ocrx_word' id='word_1_141' title='bbox 438 1629 495 1694; x_wconf 85' lang='lat' dir='ltr'>quia</span> <span class='ocrx_word' id='word_1_142' title='bbox 507 1644 623 1681; x_wconf 86' lang='lat' dir='ltr'>numerus</span> <span class='ocrx_word' id='word_1_143' title='bbox 634 1635 757 1682; x_wconf 81' lang='lat' dir='ltr'>Minervae</span> <span class='ocrx_word' id='word_1_144' title='bbox 767 1620 900 1693; x_wconf 67' lang='lat' dir='ltr'>initurum</span> 
     </span>
     <span class='ocr_line' id='line_1_21' title="bbox 153 1701 900 1774; baseline -0.005 -13"><span class='ocrx_word' id='word_1_145' title='bbox 153 1709 191 1761; x_wconf 80' lang='lat' dir='ltr'>fit.</span> <span class='ocrx_word' id='word_1_146' title='bbox 209 1708 325 1759; x_wconf 74' lang='lat' dir='ltr'>Volsiniis</span> <span class='ocrx_word' id='word_1_147' title='bbox 337 1723 435 1774; x_wconf 85' lang='lat' dir='ltr'>quoque</span> <span class='ocrx_word' id='word_1_148' title='bbox 448 1701 541 1773; x_wconf 84' lang='lat' dir='ltr'>clavos,</span> <span class='ocrx_word' id='word_1_149' title='bbox 554 1707 649 1761; x_wconf 84' lang='lat' dir='ltr'>indices</span> <span class='ocrx_word' id='word_1_150' title='bbox 660 1705 757 1759; x_wconf 82' lang='lat' dir='ltr'>numeri</span> <span class='ocrx_word' id='word_1_151' title='bbox 767 1723 900 1774; x_wconf 79' lang='lat' dir='ltr'>annorum,</span> 
     </span>
     <span class='ocr_line' id='line_1_22' title="bbox 154 1784 899 1853; baseline -0.001 -17"><span class='ocrx_word' id='word_1_152' title='bbox 154 1786 219 1836; x_wconf 84' lang='lat' dir='ltr'>fixos</span> <span class='ocrx_word' id='word_1_153' title='bbox 230 1785 255 1834; x_wconf 90' lang='lat' dir='ltr'>in</span> <span class='ocrx_word' id='word_1_154' title='bbox 267 1785 360 1853; x_wconf 89' lang='lat' dir='ltr'>templo</span> <span class='ocrx_word' id='word_1_155' title='bbox 372 1785 475 1847; x_wconf 83' lang='lat' dir='ltr'>Nortiae‚</span> <span class='ocrx_word' id='word_1_156' title='bbox 492 1785 598 1836; x_wconf 71' lang='lat' dir='ltr'>Etrusco</span> <span class='ocrx_word' id='word_1_157' title='bbox 610 1789 678 1850; x_wconf 84' lang='lat' dir='ltr'>Deae,</span> <span class='ocrx_word' id='word_1_158' title='bbox 695 1801 844 1853; x_wconf 84' lang='lat' dir='ltr'>comparere,</span> <span class='ocrx_word' id='word_1_159' title='bbox 859 1784 899 1835; x_wconf 89' lang='lat' dir='ltr'>di-</span> 
     </span>
     <span class='ocr_line' id='line_1_23' title="bbox 136 1861 900 1931; baseline 0 -18"><span class='ocrx_word' id='word_1_160' title='bbox 136 1908 139 1913; x_wconf 88' lang='lat'>.</span> <span class='ocrx_word' id='word_1_161' title='bbox 153 1868 231 1931; x_wconf 86' lang='lat' dir='ltr'>ligcns</span> <span class='ocrx_word' id='word_1_162' title='bbox 248 1864 334 1914; x_wconf 87' lang='lat' dir='ltr'>talium</span> <span class='ocrx_word' id='word_1_163' title='bbox 346 1872 564 1914; x_wconf 86' lang='lat' dir='ltr'>monumentorum</span> <span class='ocrx_word' id='word_1_164' title='bbox 578 1863 663 1914; x_wconf 67' lang='lat' dir='ltr'>auiior</span> <span class='ocrx_word' id='word_1_165' title='bbox 675 1865 774 1914; x_wconf 86' lang='lat' dir='ltr'>Cincius</span> <span class='ocrx_word' id='word_1_166' title='bbox 784 1861 900 1922; x_wconf 76' lang='lat' dir='ltr'>affimat.</span> 
     </span>
     <span class='ocr_line' id='line_1_24' title="bbox 153 1938 901 2010; baseline -0.007 -16"><span class='ocrx_word' id='word_1_167' title='bbox 153 1947 193 1994; x_wconf 93' lang='lat' dir='ltr'>M.</span> <span class='ocrx_word' id='word_1_168' title='bbox 206 1943 325 1992; x_wconf 83' lang='lat' dir='ltr'>Horatius</span> <span class='ocrx_word' id='word_1_169' title='bbox 338 1941 423 1992; x_wconf 84' lang='lat' dir='ltr'>consul</span> <span class='ocrx_word' id='word_1_170' title='bbox 431 1957 463 1992; x_wconf 84' lang='lat' dir='ltr'>ex</span> <span class='ocrx_word' id='word_1_171' title='bbox 474 1942 528 2006; x_wconf 85' lang='lat' dir='ltr'>lege</span> <span class='ocrx_word' id='word_1_172' title='bbox 540 1942 658 2010; x_wconf 74' lang='lat' dir='ltr'>(emplum</span> <span class='ocrx_word' id='word_1_173' title='bbox 668 1942 740 2008; x_wconf 85' lang='lat' dir='ltr'>Jovis</span> <span class='ocrx_word' id='word_1_174' title='bbox 750 1938 839 2010; x_wconf 79' lang='lat' dir='ltr'>optimi</span> <span class='ocrx_word' id='word_1_175' title='bbox 847 1956 901 2003; x_wconf 65' lang='lat' dir='ltr'>mn·</span> 
     </span>
     <span class='ocr_line' id='line_1_25' title="bbox 152 2018 900 2089; baseline 0 -17"><span class='ocrx_word' id='word_1_176' title='bbox 152 2022 215 2072; x_wconf 81' lang='lat' dir='ltr'>ximi</span> <span class='ocrx_word' id='word_1_177' title='bbox 227 2021 351 2071; x_wconf 84' lang='lat' dir='ltr'>dedicavit</span> <span class='ocrx_word' id='word_1_178' title='bbox 368 2037 434 2073; x_wconf 89' lang='lat' dir='ltr'>anno</span> <span class='ocrx_word' id='word_1_179' title='bbox 445 2023 498 2089; x_wconf 87' lang='lat' dir='ltr'>post</span> <span class='ocrx_word' id='word_1_180' title='bbox 514 2021 583 2087; x_wconf 80' lang='lat' dir='ltr'>reges</span> <span class='ocrx_word' id='word_1_181' title='bbox 594 2021 709 2072; x_wconf 69' lang='lat' dir='ltr'>enaiios:</span> <span class='ocrx_word' id='word_1_182' title='bbox 726 2026 741 2072; x_wconf 74' lang='grc' dir='ltr'>ὲ</span> <span class='ocrx_word' id='word_1_183' title='bbox 757 2018 900 2082; x_wconf 68' lang='lat' dir='ltr'>confinibus</span> 
     </span>
     <span class='ocr_line' id='line_1_26' title="bbox 153 2097 901 2168; baseline -0.001 -19"><span class='ocrx_word' id='word_1_184' title='bbox 153 2098 235 2166; x_wconf 79' lang='lat' dir='ltr'>polica</span> <span class='ocrx_word' id='word_1_185' title='bbox 254 2099 286 2150; x_wconf 83' lang='lat' dir='ltr'>ad</span> <span class='ocrx_word' id='word_1_186' title='bbox 304 2097 441 2165; x_wconf 72' lang='lat' dir='ltr'>diilntores,</span> <span class='ocrx_word' id='word_1_187' title='bbox 458 2101 515 2165; x_wconf 90' lang='lat' dir='ltr'>quia</span> <span class='ocrx_word' id='word_1_188' title='bbox 534 2099 613 2166; x_wconf 79' lang='lat' dir='ltr'>majus</span> <span class='ocrx_word' id='word_1_189' title='bbox 631 2101 762 2168; x_wconf 87' lang='lat' dir='ltr'>imperium</span> <span class='ocrx_word' id='word_1_190' title='bbox 780 2110 840 2162; x_wconf 86' lang='lat' dir='ltr'>erat,</span> <span class='ocrx_word' id='word_1_191' title='bbox 857 2098 901 2161; x_wconf 82' lang='lat' dir='ltr'>so·</span> 
     </span>
     <span class='ocr_line' id='line_1_27' title="bbox 152 2176 901 2242; baseline 0.003 -14"><span class='ocrx_word' id='word_1_192' title='bbox 152 2179 224 2228; x_wconf 86' lang='lat' dir='ltr'>lenne</span> <span class='ocrx_word' id='word_1_193' title='bbox 241 2178 307 2226; x_wconf 85' lang='lat' dir='ltr'>clavi</span> <span class='ocrx_word' id='word_1_194' title='bbox 323 2176 414 2242; x_wconf 85' lang='lat' dir='ltr'>figendi</span> <span class='ocrx_word' id='word_1_195' title='bbox 432 2178 574 2228; x_wconf 83' lang='lat' dir='ltr'>transsatum</span> <span class='ocrx_word' id='word_1_196' title='bbox 584 2179 626 2228; x_wconf 84' lang='lat' dir='ltr'>cst.</span> <span class='ocrx_word' id='word_1_197' title='bbox 660 2177 797 2240; x_wconf 78' lang='lat' dir='ltr'>Intermiilo</span> <span class='ocrx_word' id='word_1_198' title='bbox 809 2177 901 2229; x_wconf 81' lang='lat' dir='ltr'>deinde</span> 
     </span>
     <span class='ocr_line' id='line_1_28' title="bbox 152 2254 899 2328; baseline 0.001 -23"><span class='ocrx_word' id='word_1_199' title='bbox 152 2270 230 2318; x_wconf 87' lang='lat' dir='ltr'>more,</span> <span class='ocrx_word' id='word_1_200' title='bbox 247 2254 322 2317; x_wconf 77' lang='lat' dir='ltr'>digna</span> <span class='ocrx_word' id='word_1_201' title='bbox 339 2256 413 2304; x_wconf 83' lang='lat' dir='ltr'>eriam</span> <span class='ocrx_word' id='word_1_202' title='bbox 429 2271 473 2323; x_wconf 87' lang='lat' dir='ltr'>per</span> <span class='ocrx_word' id='word_1_203' title='bbox 490 2255 514 2304; x_wconf 92' lang='lat' dir='ltr'>se</span> <span class='ocrx_word' id='word_1_204' title='bbox 532 2254 586 2305; x_wconf 84' lang='lat' dir='ltr'>visa</span> <span class='ocrx_word' id='word_1_205' title='bbox 599 2270 646 2319; x_wconf 86' lang='lat' dir='ltr'>res,</span> <span class='ocrx_word' id='word_1_206' title='bbox 663 2265 763 2326; x_wconf 73' lang='lat' dir='ltr'>propter</span> <span class='ocrx_word' id='word_1_207' title='bbox 773 2271 849 2328; x_wconf 74' lang='lat' dir='ltr'>quam</span> <span class='ocrx_word' id='word_1_208' title='bbox 859 2256 899 2322; x_wconf 77' lang='lat' dir='ltr'>di-</span> 
     </span>
     <span class='ocr_line' id='line_1_29' title="bbox 151 2330 898 2398; baseline 0.004 -19"><span class='ocrx_word' id='word_1_209' title='bbox 151 2330 230 2380; x_wconf 69' lang='lat' dir='ltr'>{ia-tor</span> <span class='ocrx_word' id='word_1_210' title='bbox 241 2341 371 2381; x_wconf 84' lang='lat' dir='ltr'>crearetur.</span> <span class='ocrx_word' id='word_1_211' title='bbox 384 2348 431 2397; x_wconf 88' lang='lat' dir='ltr'>qua</span> <span class='ocrx_word' id='word_1_212' title='bbox 443 2330 554 2381; x_wconf 82' lang='lat' dir='ltr'>decania</span> <span class='ocrx_word' id='word_1_213' title='bbox 565 2341 658 2383; x_wconf 83' lang='lat' dir='ltr'>creatus</span> <span class='ocrx_word' id='word_1_214' title='bbox 670 2333 700 2383; x_wconf 86' lang='lat' dir='ltr'>L.</span> <span class='ocrx_word' id='word_1_215' title='bbox 713 2331 830 2392; x_wconf 84' lang='lat' dir='ltr'>Manlius,</span> <span class='ocrx_word' id='word_1_216' title='bbox 838 2345 898 2398; x_wconf 57' lang='lat' dir='ltr'>perf</span> 
     </span>
     <span class='ocr_line' id='line_1_30' title="bbox 151 2407 897 2478; baseline 0.001 -21"><span class='ocrx_word' id='word_1_217' title='bbox 151 2407 208 2458; x_wconf 82' lang='lat' dir='ltr'>inde</span> <span class='ocrx_word' id='word_1_218' title='bbox 226 2423 254 2456; x_wconf 86' lang='lat' dir='ltr'>ac</span> <span class='ocrx_word' id='word_1_219' title='bbox 266 2409 406 2476; x_wconf 85' lang='lat' dir='ltr'>reipublicae</span> <span class='ocrx_word' id='word_1_220' title='bbox 417 2411 536 2474; x_wconf 83' lang='lat' dir='ltr'>gerendae,</span> <span class='ocrx_word' id='word_1_221' title='bbox 552 2425 581 2458; x_wconf 84' lang='lat' dir='ltr'>ac</span> <span class='ocrx_word' id='word_1_222' title='bbox 593 2424 644 2459; x_wconf 88' lang='lat' dir='ltr'>non</span> <span class='ocrx_word' id='word_1_223' title='bbox 660 2407 782 2458; x_wconf 84' lang='lat' dir='ltr'>solvendae</span> <span class='ocrx_word' id='word_1_224' title='bbox 793 2410 897 2478; x_wconf 75' lang='lat' dir='ltr'>religio-</span> 
     </span>
     <span class='ocr_line' id='line_1_31' title="bbox 151 2485 897 2554; baseline 0.001 -18"><span class='ocrx_word' id='word_1_225' title='bbox 151 2501 191 2546; x_wconf 87' lang='lat' dir='ltr'>ne,</span> <span class='ocrx_word' id='word_1_226' title='bbox 215 2486 293 2548; x_wconf 66' lang='lat' dir='ltr'>gratie</span> <span class='ocrx_word' id='word_1_227' title='bbox 312 2496 407 2534; x_wconf 86' lang='lat' dir='ltr'>creatus</span> <span class='ocrx_word' id='word_1_228' title='bbox 424 2485 489 2550; x_wconf 79' lang='lat' dir='ltr'>effer,</span> <span class='ocrx_word' id='word_1_229' title='bbox 512 2486 604 2536; x_wconf 87' lang='lat' dir='ltr'>bellum</span> <span class='ocrx_word' id='word_1_230' title='bbox 621 2486 757 2540; x_wconf 85' lang='lat' dir='ltr'>Hernicum</span> <span class='ocrx_word' id='word_1_231' title='bbox 772 2485 897 2554; x_wconf 75' lang='lat' dir='ltr'>affeilans,</span> 
     </span>
     <span class='ocr_line' id='line_1_32' title="bbox 150 2560 899 2629; baseline 0.003 -17"><span class='ocrx_word' id='word_1_232' title='bbox 150 2560 244 2622; x_wconf 71' lang='lat' dir='ltr'>deleilu</span> <span class='ocrx_word' id='word_1_233' title='bbox 255 2560 345 2612; x_wconf 84' lang='lat' dir='ltr'>acerbo</span> <span class='ocrx_word' id='word_1_234' title='bbox 354 2562 515 2627; x_wconf 83' lang='lat' dir='ltr'>juventutem¹</span> <span class='ocrx_word' id='word_1_235' title='bbox 523 2563 642 2627; x_wconf 74' lang='lat' dir='ltr'>agitavit3</span> <span class='ocrx_word' id='word_1_236' title='bbox 651 2561 806 2629; x_wconf 86' lang='lat' dir='ltr'>tandemque,</span> <span class='ocrx_word' id='word_1_237' title='bbox 818 2565 899 2617; x_wconf 84' lang='lat' dir='ltr'>omui-</span> 
     </span>
     <span class='ocr_line' id='line_1_33' title="bbox 150 2639 897 2708; baseline 0.004 -18"><span class='ocrx_word' id='word_1_238' title='bbox 150 2641 196 2691; x_wconf 84' lang='lat' dir='ltr'>bus</span> <span class='ocrx_word' id='word_1_239' title='bbox 216 2640 242 2689; x_wconf 91' lang='lat' dir='ltr'>in</span> <span class='ocrx_word' id='word_1_240' title='bbox 256 2656 312 2690; x_wconf 91' lang='lat' dir='ltr'>eum</span> <span class='ocrx_word' id='word_1_241' title='bbox 324 2642 428 2690; x_wconf 86' lang='lat' dir='ltr'>tribunis</span> <span class='ocrx_word' id='word_1_242' title='bbox 448 2640 525 2708; x_wconf 86' lang='lat' dir='ltr'>plebis</span> <span class='ocrx_word' id='word_1_243' title='bbox 542 2640 645 2706; x_wconf 82' lang='lat' dir='ltr'>coortis,</span> <span class='ocrx_word' id='word_1_244' title='bbox 663 2639 705 2695; x_wconf 82' lang='lat' dir='ltr'>seu</span> <span class='ocrx_word' id='word_1_245' title='bbox 718 2641 755 2707; x_wconf 75' lang='lat' dir='ltr'>vi,</span> <span class='ocrx_word' id='word_1_246' title='bbox 770 2639 897 2706; x_wconf 45' lang='lat' dir='ltr'>leuiore„-</span> 
     </span>
     <span class='ocr_line' id='line_1_34' title="bbox 151 2717 558 2782; baseline -0.005 -14"><span class='ocrx_word' id='word_1_247' title='bbox 151 2717 240 2769; x_wconf 66' lang='lat' dir='ltr'>cundii</span> <span class='ocrx_word' id='word_1_248' title='bbox 253 2717 339 2782; x_wconf 66' lang='lat' dir='ltr'>vilius,</span> <span class='ocrx_word' id='word_1_249' title='bbox 357 2717 476 2768; x_wconf 64' lang='lat' dir='ltr'>difflaturi</span> <span class='ocrx_word' id='word_1_250' title='bbox 487 2718 558 2770; x_wconf 84' lang='lat' dir='ltr'>abiit.</span> 
     </span>
    </p>

    <p class='ocr_par' dir='ltr' id='par_1_3' title="bbox 148 2791 948 3020">
     <span class='ocr_line' id='line_1_35' title="bbox 184 2791 948 2866; baseline 0.001 -21"><span class='ocrx_word' id='word_1_251' title='bbox 184 2799 231 2845; x_wconf 89' lang='lat' dir='ltr'>IV.</span> <span class='ocrx_word' id='word_1_252' title='bbox 249 2798 337 2862; x_wconf 87' lang='lat' dir='ltr'>Neque</span> <span class='ocrx_word' id='word_1_253' title='bbox 348 2810 378 2844; x_wconf 88' lang='lat' dir='ltr'>eo</span> <span class='ocrx_word' id='word_1_254' title='bbox 390 2796 471 2846; x_wconf 82' lang='lat' dir='ltr'>mimis</span> <span class='ocrx_word' id='word_1_255' title='bbox 480 2795 603 2866; x_wconf 87' lang='lat' dir='ltr'>principio</span> <span class='ocrx_word' id='word_1_256' title='bbox 615 2795 766 2862; x_wconf 86' lang='lat' dir='ltr'>insequentis</span> <span class='ocrx_word' id='word_1_257' title='bbox 775 2797 844 2862; x_wconf 84' lang='lat' dir='ltr'>anni,</span> <span class='ocrx_word' id='word_1_258' title='bbox 860 2791 906 2864; x_wconf 54' lang='lat' dir='ltr'>Q.¹</span> <span class='ocrx_word' id='word_1_259' title='bbox 942 2856 948 2866; x_wconf 24' lang='lat' dir='ltr'>x</span> 
     </span>
     <span class='ocr_line' id='line_1_36' title="bbox 150 2871 896 2935; baseline 0.005 -15"><span class='ocrx_word' id='word_1_260' title='bbox 150 2871 254 2922; x_wconf 86' lang='lat' dir='ltr'>Servilio</span> <span class='ocrx_word' id='word_1_261' title='bbox 275 2872 362 2935; x_wconf 73' lang='lat' dir='ltr'>Ahali,</span> <span class='ocrx_word' id='word_1_262' title='bbox 385 2872 416 2920; x_wconf 91' lang='lat' dir='ltr'>L.</span> <span class='ocrx_word' id='word_1_263' title='bbox 439 2873 555 2923; x_wconf 85' lang='lat' dir='ltr'>Genucio</span> <span class='ocrx_word' id='word_1_264' title='bbox 575 2872 725 2935; x_wconf 89' lang='lat' dir='ltr'>consulibus,</span> <span class='ocrx_word' id='word_1_265' title='bbox 753 2872 804 2925; x_wconf 86' lang='lat' dir='ltr'>dies</span> <span class='ocrx_word' id='word_1_266' title='bbox 820 2877 896 2926; x_wconf 83' lang='lat' dir='ltr'>Man-</span> 
     </span>
     <span class='ocr_line' id='line_1_37' title="bbox 148 2946 895 3020; baseline 0.004 -22"><span class='ocrx_word' id='word_1_267' title='bbox 148 2947 184 2998; x_wconf 87' lang='lat' dir='ltr'>lio</span> <span class='ocrx_word' id='word_1_268' title='bbox 204 2946 294 2999; x_wconf 86' lang='lat' dir='ltr'>dicitur</span> <span class='ocrx_word' id='word_1_269' title='bbox 317 2953 332 3001; x_wconf 74' lang='grc' dir='ltr'>ὲ</span> <span class='ocrx_word' id='word_1_270' title='bbox 351 2950 390 3001; x_wconf 84' lang='grc' dir='ltr'>Μ.</span> <span class='ocrx_word' id='word_1_271' title='bbox 415 2949 557 3020; x_wconf 82' lang='lat' dir='ltr'>Pomponio</span> <span class='ocrx_word' id='word_1_272' title='bbox 579 2950 681 3002; x_wconf 88' lang='lat' dir='ltr'>tribuno</span> <span class='ocrx_word' id='word_1_273' title='bbox 697 2949 787 3020; x_wconf 79' lang='lat' dir='ltr'>plebis.</span> <span class='ocrx_word' id='word_1_274' title='bbox 817 2954 895 3003; x_wconf 80' lang='lat' dir='ltr'>Acer·</span> 
     </span>
    </p>

    <p class='ocr_par' dir='ltr' id='par_1_4' title="bbox 830 3027 896 3080">
     <span class='ocr_line' id='line_1_38' title="bbox 830 3027 896 3080; baseline 0.015 -1"><span class='ocrx_word' id='word_1_275' title='bbox 830 3027 896 3080; x_wconf 84' lang='lat' dir='ltr'>bltas</span> 
     </span>
    </p>
   </div>
   <div class='ocr_carea' id='block_1_3' title="bbox 0 0 986 3660">
    <p class='ocr_par' dir='ltr' id='par_1_5' title="bbox 0 0 986 3660">
     <span class='ocr_line' id='line_1_39' title="bbox 0 0 986 3660; baseline 0 0"><span class='ocrx_word' id='word_1_276' title='bbox 0 0 986 3660; x_wconf 95' lang='lat' dir='ltr'> </span> 
     </span>
    </p>
   </div>
  </div>
 </body>
</html>
