1964 3660
184 214 232 261 330
440 200 478 250 Τ.
513 200 536 250 L
553 201 566 250 1
585 202 609 250 V
626 200 639 250 1
656 199 670 249 1

181 306 222 338 am
233 303 284 338 rem
302 289 402 339 Pontius
422 289 558 352 Cominius,
576 290 683 356 impiger
699 285 809 352 juvenis,
827 292 930 355 operam

182 365 314 430 pollicitus,
331 365 450 414 incubans
461 365 556 428 cortici,
574 362 682 413 secundo
694 363 784 413 Tiberi
795 363 830 412 ad
842 365 930 413 urbem

182 441 298 495 defertur.
317 442 382 505 inde,
399 443 447 508 qui
458 443 602 507 proximum
613 441 687 490 suita
697 443 760 507 ripa,
778 457 824 506 per
836 457 929 508 praeru·

182 530 261 585 ptum,
279 535 358 585 eoque
375 518 512 584 negleiium
532 519 638 569 hostiurn
657 519 780 584 custodie,
798 519 886 569 saxum
905 521 931 569 in

184 598 336 662 Capitolium
348 597 447 647 evadit:
465 597 500 660 ἃ,
511 596 542 645 ad
554 597 708 660 magistratus
718 596 813 658 dutiae,
829 599 931 648 manda-

180 675 340 741 taexercitits
351 674 410 723 edit.
428 685 531 742 accepto
546 674 602 723 inde
620 673 716 724 senatus
731 674 840 739 decreto,
857 683 886 725 ut
897 675 931 740 ἃ,

181 752 289 802 comitiis
301 753 401 801 curiatis
412 762 544 801 revocatus
556 750 587 799 de
599 749 692 815 exsilio,
708 750 772 813 jull'u
784 754 871 819 populi
885 756 932 802 Ca·

181 828 262 876 millus
280 826 385 877 dislator
403 828 531 894 extemplo
549 826 680 890 diceretur,
697 826 836 891 militesque
856 827 932 877 lrabe-

181 915 236 954 rent
247 907 430 971 imperatorem,
443 919 517 968 quem
529 903 630 968 vellent,
641 904 727 954 eidem
737 903 859 970 ‹legreilus
868 918 932 956 nun·
951 919 955 925 ’

182 981 236 1030 cius
248 981 324 1044 Vejos
342 979 483 1030 contendit:
501 979 610 1044 milleque
624 979 732 1030 Ardeam
749 981 825 1044 legati
837 980 868 1030 ad
884 984 932 1030 Ca-

182 1057 286 1121 millum,
305 1058 382 1122 Vejos
395 1072 451 1107 eum
463 1056 617 1124 perduxere:
635 1055 686 1121 seu,
704 1057 780 1123 (quod
791 1058 869 1123 tnagis
879 1072 932 1108 ere·

182 1133 240 1185 dere
252 1136 320 1199 libet,
338 1152 389 1186 non
401 1135 469 1203 prius
480 1133 618 1203 profestum
630 1135 662 1185 ab
673 1135 763 1200 Ardea,
779 1141 855 1202 quim
867 1138 942 1189 tom!

181 1212 248 1278 perit
259 1213 338 1276 legem
350 1214 439 1272 latam;
457 1211 523 1276 quod
534 1227 580 1261 nec
592 1211 681 1275 injussu
698 1213 785 1280 populi
801 1213 892 1267 mutari
903 1212 933 1264 sa·

181 1289 255 1340 nibus
267 1290 352 1357 posset,
369 1304 423 1351 nec,
440 1288 484 1338 nisi
502 1288 607 1340 ditiator
624 1287 709 1353 elisius,
726 1289 835 1357 auspicia
850 1291 876 1341 in
888 1304 933 1345 en·

182 1367 263 1415 ercitu
283 1366 382 1430 habere)
399 1365 442 1414 lex
457 1368 550 1418 curiata
561 1367 611 1417 lata
628 1365 670 1432 en,
687 1366 838 1434 umorque
849 1367 936 1420 absent

184 1441 271 1492 ditius.
832 1484 848 1492 ..
916 1473 921 1479 -
945 1461 947 1464 ⁴

217 1519 329 1568 XLVII.
347 1522 414 1570 Dum
424 1519 476 1570 irae
485 1521 555 1585 Vejis
562 1518 709 1588 agebantur,
719 1521 818 1573 interim
828 1537 875 1575 arx
880 1523 933 1574 Ro·

180 1609 228 1649 mre
245 1595 447 1662 Capitoliumque
467 1598 493 1649 in
513 1588 607 1663 ingenti
625 1599 737 1665 periculo
750 1599 808 1648 fuit.
825 1615 933 1666 namque

182 1673 259 1737 Galli,
276 1670 319 1722 seu
330 1674 434 1740 relligio
446 1685 535 1727 notato
546 1677 664 1740 humano,
682 1677 731 1743 qui
739 1677 845 1727 nuncius
854 1681 871 1726 a
881 1682 932 1727 Ve-

179 1752 213 1816 jis
228 1763 384 1818 pervenerat,
405 1755 447 1803 seu
466 1753 507 1803 sui
525 1753 612 1823 sponte
631 1752 803 1804 animadverso
822 1755 854 1804 ad
872 1743 933 1817 0an
946 1784 958 1794 -

182 1827 272 1876 mentis
289 1825 406 1878 saxorum
423 1827 523 1878 ascensu
537 1844 616 1894 equo,
634 1827 706 1879 nosie
718 1828 837 1892 sublustri,
855 1843 933 1894 quum

182 1905 265 1975 primo
277 1905 403 1970 inermem,
419 1907 464 1972 qui
481 1906 676 1977 tentaretviam,
693 1905 867 1972 praemifill'ent,
883 1917 934 1955 tra·

182 1982 267 2032 tientes
279 1982 336 2036 inde
353 1998 429 2048 arma,
447 1984 492 2033 ubi
509 1981 568 2050 quid
583 1983 662 2048 iniqui
674 1981 738 2046 ellet,
755 1982 842 2032 alterni
853 1981 934 2045 innili,

182 2059 388 2126 sublevantesque
400 2060 426 2110 in
445 2061 529 2110 vicem
540 2059 565 2110 ἀ
582 2061 705 2111 trahentes
716 2060 759 2109 alii
770 2059 840 2121 alios,
858 2069 935 2126 prout
952 2090 955 2097 .

183 2137 319 2204 postularet
329 2136 413 2197 locus;
430 2147 500 2187 tanto
513 2135 607 2185 silentio
619 2137 645 2185 in
656 2136 779 2185 summum
789 2134 896 2200 evasere,
906 2145 936 2188 ut

181 2228 233 2261 non
243 2211 352 2261 custodes
364 2211 444 2260 solum
456 2212 575 2274 fallerent,
587 2209 626 2259 sed
638 2226 669 2259 ne
681 2226 751 2260 canes
763 2211 872 2276 quidem,
886 2211 935 2263 sol·

181 2287 278 2336 licitum
289 2288 379 2335 animal
391 2287 422 2336 ad
433 2287 566 2336 noslurnos
577 2285 697 2352 strepitus,
715 2287 861 2334 excitarent.
881 2293 936 2347 An.

182 2361 244 2424 seret
254 2379 307 2412 non
316 2363 432 2428 fefellere,
450 2363 539 2429 quibua
552 2362 624 2412 sacris
641 2363 735 2429 Junoni
751 2361 777 2410 in
788 2361 883 2412 smnma
895 2367 935 2418 in.

184 2443 244 2508 opia
255 2442 304 2492 eibi
316 2453 398 2493 tamen
407 2442 582 2493 abstinebatur.
595 2457 649 2508 quae
657 2456 694 2492 ree
705 2440 776 2491 saluti
787 2440 844 2492 suit.
858 2446 935 2496 Nani-

183 2535 231 2589 que
259 2521 375 2596 clangore
396 2537 483 2572 eorum
504 2522 646 2586 alarumque
663 2520 762 2589 crepitu
778 2522 876 2575 excitus
893 2524 934 2574 Μ.

183 2599 302 2664 Manlius,
319 2600 362 2665 qui
383 2601 490 2650 triennio
509 2603 566 2649 anti:
576 2599 661 2649 consul
672 2599 761 2662 suerat,
778 2599 818 2648 vir
829 2599 895 2651 bello
907 2615 933 2650 e·

183 2677 290 2742 gregiur,
307 2677 381 2726 armis
397 2678 510 2744 arreptis,
526 2677 595 2726 simul
613 2675 728 2726 adarma
746 2685 839 2725 ceteros
858 2670 934 2739 ciem,

183 2754 269 2816 vadit3
288 2756 321 2818 Se,
338 2754 398 2805 dum
410 2757 486 2808 ceteri
502 2755 635 2822 trepidant,
654 2755 762 2813 Gallum,
785 2755 827 2819 qui
843 2753 895 2818 jam
907 2755 934 2803 in

184 2828 281 2881 summo
302 2831 449 2896 constiterat,
472 2832 581 2881 umbone
593 2831 668 2881 isium
688 2829 819 2881 deturbat:
856 2829 934 2892 cnjue
954 2863 960 2875 2

184 2907 253 2958 casus
264 2908 369 2976 prolapsi
378 2925 454 2976 quum
466 2911 595 2976 proximos
607 2909 728 2972 sterneret,
747 2905 896 2975 trepidantes
906 2924 933 2956 a·

182 2983 239 3053 lior,
253 2985 378 3060 armisque
389 2985 479 3055 emilis
490 2985 558 3054 saxa,
575 2985 836 3058 quiburadlraetebaut,
852 2985 932 3113 mppi

902 3075 933 3118 ui
