1964 3660
331 240 499 320 LiBWER
533 248 568 298 V.
626 315 627 319 Ἰ
778 259 828 309 315

77 319 363 380 blinilitutn‘consulari
375 327 507 394 potestate3
523 337 560 391 ut,
578 323 670 376 etiamsi
683 326 723 378 cui
740 342 827 378 eorum
907 395 909 398 .

80 404 239 475 incommoda
255 405 374 456 valetudo
381 404 471 471 suisset,
489 408 562 475 copia
577 406 763 471 magistratuum
779 409 827 460 rei-

80 485 266 554 publicaeesset.
411 485 414 491 '
823 550 825 554 y

82 581 85 587 ·
113 566 227 615 XXXII.
236 561 353 613 Kalendis
367 561 532 627 Quinliilibus
543 563 709 628 magistratum
725 578 828 632 occepe-

79 657 108 695 re
118 645 150 695 L.
163 644 302 707 Lucretius,
320 646 370 692 Ser.
384 641 512 710 Sulpicius,
528 646 567 692 M.
581 643 702 707 AEmilius,
713 645 745 694 L.
757 645 829 694 Furi·

79 734 110 772 us
120 721 271 784 Medullinus
288 720 429 788 septimum,
448 723 560 789 Agrippa
574 722 672 786 Furius,
690 726 719 771 C.
733 724 830 773 AEmili-

79 814 109 852 us
121 793 218 851 iterim.
253 802 293 851 Ex
305 800 386 850 his'L.
399 800 516 849 Lucretio
529 800 553 848 dt
566 802 595 848 C.
609 800 710 850 AEmilio
723 802 830 851 Volsini-

79 878 142 928 enses
158 879 291 946 provincia
308 877 409 948 evcnit:
428 877 561 946 Salpinates
580 878 696 945 Agrippa
712 881 787 930 Furio
805 879 831 930 δε

82 961 133 1007 Ser.
155 958 274 1025 Sulpicio·
295 957 378 1010 =Prius
403 972 461 1007 cum
483 955 676 1007 volsmienfibus
691 972 831 1023 pugnatum

82 1035 128 1085 est:
147 1035 239 1085 bellum
255 1049 360 1085 numero
382 1034 489 1084 hostium
507 1037 602 1099 ingens,
620 1035 754 1084 certamine
765 1035 832 1088 haud

82 1111 138 1164 sane
149 1114 262 1182 asperum
273 1113 330 1164 fuit.
365 1112 428 1163 Fusa
445 1111 567 1184 concursu
581 1112 663 1178 primo
680 1113 743 1161 acies
754 1114 780 1163 in
791 1115 832 1164 su-

83 1206 154 1257 gam:
171 1193 249 1242 millia
265 1191 486 1242 olioarmatorum
504 1192 536 1241 ab
554 1191 676 1257 equitibus
693 1191 833 1258 interclusa,

82 1271 259 1338 positisannis,
276 1271 303 1321 in
319 1269 470 1321 deditionem
481 1281 612 1320 venerunt.
647 1268 707 1332 Ejus
720 1269 777 1321 belli
794 1271 832 1323 fa·

82 1355 124 1399 tna
135 1348 224 1413 effecit,
241 1347 308 1398 nese
319 1349 604 1418 pugnaeUcommitterent
613 1348 754 1414 Salpinates.
772 1367 833 1402 moe.

83 1427 156 1478 nibus
167 1429 254 1477 armati
265 1427 289 1477 se
300 1428 452 1480 tutabantur.
487 1428 595 1478 Romani
607 1426 700 1495 praedas
715 1427 799 1498 pall'un
808 1431 835 1484 dt

82 1520 117 1558 ex
129 1507 244 1574 Salpinati
256 1522 325 1573 agro,
343 1507 368 1557 dt
379 1522 412 1558 ex
421 1505 573 1570 Volsiniensi,
590 1506 658 1557 nullo
668 1523 722 1557 eam
734 1511 787 1558 vim
795 1519 834 1560 ar·

83 1598 163 1651 cente,
187 1598 304 1652 egerunt:
330 1585 410 1637 donec
430 1586 620 1636 Volsiniensibus
638 1585 701 1636 feliis
720 1587 786 1649 bello
806 1580 836 1638 ed

83 1666 235 1730 conditione,
253 1677 282 1715 ut
297 1681 337 1716 res
352 1665 447 1732 populo
465 1667 579 1714 Romano
590 1664 728 1729 redderent,
746 1660 836 1733 slipenss

83 1745 203 1811 diumque
214 1745 266 1808 ejus
278 1745 336 1793 anni
353 1742 474 1792 exercitui
486 1741 633 1808 praestarent,
650 1742 676 1792 in
688 1744 779 1808 viginti
791 1744 836 1796 a‘n-
907 1772 908 1776 =

83 1831 130 1873 nos
142 1820 246 1871 inducia
258 1821 334 1871 datae:
356 1819 451 1870 Eodem
463 1834 528 1869 anno
540 1822 579 1868 M.
591 1819 711 1870 Caedicius
722 1821 753 1870 de
763 1821 838 1888 plebe

84 1900 216 1952 nunciavit
225 1899 338 1963 tribunis,
356 1898 418 1948 sein
432 1898 567 1962 Novaria,
583 1897 627 1947 ubi
642 1913 709 1948 nunc
720 1898 837 1952 sacellum

83 1980 127 2042 esi,
144 1977 216 2045 supra
231 1976 309 2027 aedem
326 1977 413 2041 Vestae,
430 1991 522 2027 vocem
538 1974 616 2028 nollit
633 1975 729 2027 srlentio
746 1977 838 2030 audisse

85 2057 217 2122 clariorem
238 2055 354 2119 humani,
385 2069 446 2121 qua·
458 2053 638 2119 magistratibus
658 2054 706 2105 dici
725 2055 835 2130 juberet,

85 2137 162 2188 Gallos
171 2137 299 2188 adventare.
317 2134 354 2200 Id,
371 2144 400 2184 ut
417 2133 454 2198 fit,
471 2144 573 2203 propter
588 2132 693 2185 audioris
710 2133 839 2186 humilita-

85 2222 137 2268 tem
147 2216 265 2286 spretum,
283 2215 309 2268 a
317 2213 383 2283 quod
393 2214 539 2281 longinqua,
556 2228 637 2281 eoque
648 2213 766 2278 ignotior,
778 2224 839 2279 gent

83 2306 147 2350 erat.
182 2299 271 2364 Neque
291 2298 403 2347 Deorum
421 2293 499 2346 modo
509 2294 614 2360 monita,
632 2292 763 2360 ingruente
774 2293 838 2362 sato,

83 2375 166 2445 spreta
173 2395 181 2439 ;
193 2376 234 2427 sed
245 2377 382 2428 humanam
390 2390 489 2443 quoque
498 2389 581 2442 opem,
598 2388 652 2440 quae
663 2388 713 2425 una
725 2384 785 2440 crat,
797 2377 839 2427 M.

85 2455 191 2506 Furium
201 2453 234 2502 ab
244 2453 306 2503 urbe
323 2468 451 2504 amovere.
469 2453 521 2519 qui,
539 2452 580 2503 die
594 2451 658 2502 diiii
669 2452 701 2502 ab
721 2454 752 2501 L.
766 2457 838 2519 Apu-

87 2531 137 2583 leio
149 2531 250 2581 tribuno
262 2530 340 2597 plebis
356 2541 459 2598 propter
475 2529 583 2598 praedam
595 2529 765 2594 Vejentanam,
785 2529 839 2582 filio

85 2611 188 2677 quoque
200 2608 354 2659 adolescente
373 2608 495 2677 peridem
511 2616 607 2676 tempus
624 2609 733 2671 orbatus,
751 2623 839 2675 quum,

84 2689 173 2741 necitis
192 2679 296 2739 domum
312 2687 443 2738 tribulibus
463 2686 648 2755 clientibusque,
659 2687 766 2751 ¹(magna
782 2701 840 2754 pars

86 2770 165 2840 plebis
187 2769 248 2832 erat)
286 2766 457 2836 percunllatus
484 2768 580 2819 animos
603 2782 698 2830 eorum,
734 2764 839 2833 respon·¹

84 2846 142 2902 sum
154 2845 250 2917 tulisset,
261 2848 288 2916 fe
306 2845 424 2912 collaturos,
440 2846 515 2914 quanti
530 2846 643 2896 damnatus
657 2843 713 2911 effre,
730 2842 840 2911 absolvere

84 2945 137 2982 eum
148 2943 188 2978 non
197 2924 261 2997 poffe,
278 2927 305 2978 in
322 2925 434 2978 exfilium
452 2925 528 2975 abiit:
546 2935 659 2995 precatus
675 2923 706 2974 ab
718 2923 773 2974 Diis
790 2924 840 2991 irn‘·¹

83 3005 242 3082 montbbtb,
251 3004 276 3076 fi
291 3005 376 3069 lenonio
382 3003 469 3086 filici
487 3003 568 3077 inuria
577 3005 656 3079 fieret,
669 3003 744 3075 primo
761 3015 840 3072 quoque
910 3073 912 3076 Α

92 3089 98 3096 ’
346 3095 349 3097 ’
409 3087 478 3160 '9'2
741 3091 840 3158 tempore
