1964 3660
145 219 195 269 «σο
403 216 452 266 -τ,
487 195 648 266 trv'tr

146 309 176 354 C.
191 304 369 370 Sempronium,
387 304 522 368 patruelem
538 302 661 352 Atratini:
680 301 751 368 eique
767 301 801 351 ob
818 303 897 367 ignor

143 383 246 431 miniam
258 380 340 430 Volsci
352 381 418 443 belli,
436 380 549 442 adjutore
558 379 652 443 collegi
663 381 702 427 M.
717 380 844 443 Canuleio,
854 379 891 428 di-

145 446 188 506 em·
196 457 289 506 dixere.
325 455 431 505 Subinde
442 457 474 505 ab
485 454 575 504 eisdem
593 456 705 505 tribunit
707 457 802 506 mentio
819 457 844 505 in
856 448 893 504 se-¹

144 544 204 582 natu
216 533 245 581 de
259 535 322 596 agris
334 531 473 581 dividendis
486 533 554 581 illata
565 531 606 594 est,
625 532 675 594 (cui
691 531 782 581 ailioni
799 531 897 598 semper

144 613 262 660 acerrime
275 614 304 659 C.
318 610 473 676 Sempronius
484 609 615 674 restiterat)
629 609 694 672 ratis,
712 609 737 657 id
754 607 893 674 quoderat,

139 698 189 737 aut
200 686 306 754 depositi
316 688 387 736 causi
396 687 517 736 leviorem
525 685 636 736 fututum
645 685 710 753 apud
725 687 806 735 Patres
814 701 901 750 reum„

145 774 191 814 aut
201 764 397 830 perseverantem
409 763 452 812 sub
462 762 550 825 judicii
569 772 666 828 tempus
675 761 773 828 plebem
787 761 897 812 offensu-

146 854 211 892 tum.
247 840 366 890 Adversae
383 840 484 890 invidia
501 839 578 903 objici
595 839 690 903 maluit,
708 840 733 888 &
744 838 792 889 suae
805 853 894 889 nocere

13 937 18 944 ·
115 914 120 919 '
147 915 232 979 eausa,
250 922 324 981 quim
344 915 448 982 publicae
465 914 542 985 decise
548 934 555 977 3
572 915 683 980 stetitque
694 916 720 963 in
737 915 822 965 eadem
840 914 897 965 sen·-

147 996 232 1057 tentia‚
251 999 292 1044 Ne
303 1011 341 1062 qua
360 994 455 1060 largitio,
472 992 550 1058 ceffura
566 993 589 1042 in
603 993 669 1042 trium
685 994 781 1059 gratiam
800 991 894 1042 tribuno·

148 1087 206 1136 rum,
218 1071 292 1134 fieret.
317 1087 354 1119 nec
369 1080 416 1120 tum
428 1086 504 1136 agrum
512 1068 579 1135 plebi,
591 1069 632 1134 sed
639 1067 681 1132 fili
691 1069 805 1134 inuidiam,
822 1069 893 1136 queri.

147 1150 177 1198 Se
187 1165 263 1215 quoque
268 1147 390 1213 subitumm
402 1163 448 1195 eam
461 1147 612 1213 tempestatem
619 1148 684 1210 forti
692 1149 771 1196 animo.
787 1136 896 1214 mesena-

147 1227 180 1276 itti
190 1226 245 1274 tanti
256 1227 283 1288 se
299 1226 378 1287 civem,
396 1231 573 1289 aut‘quemquam
590 1223 663 1272 ilium·
676 1223 750 1274 debere
768 1225 815 1292 effe,
831 1235 856 1275 ut
871 1225 895 1274 t‘tt

144 1303 252 1369 parcendo
262 1303 297 1350 urii
308 1301 387 1350 malum
393 1299 503 1366 publicum
508 1302 560 1364 fiat.
594 1300 682 1349 Nihilo
694 1300 831 1352 demiffiore
841 1303 895 1353 ani-

147 1392 199 1442 mo,
217 1393 293 1442 quum
305 1376 355 1427 dies
366 1379 445 1441 venit,
463 1379 535 1428 causi
547 1376 598 1444 ipse
609 1393 655 1445 pro
666 1377 691 1426 se
707 1377 777 1443 diiii,
794 1381 901 1447 nequic-

149 1471 226 1522 quam
238 1457 322 1504 omnia
333 1456 441 1518 expertis
453 1455 572 1518 Patribus,
590 1465 618 1504 ut
634 1454 775 1518 mitigarent
789 1457 897 1524 plebem,

148 1531 289 1598 quindecim
299 1530 407 1581 millibus
418 1531 471 1581 aeris
485 1530 626 1580 damnatur.
658 1529 754 1600 Eodem
768 1546 833 1583 anuo
849 1535 898 1583 Po-

150 1609 246 1672 iiumia,
263 1609 338 1672 virgo
347 1607 457 1671 Vestalis,
472 1607 503 1658 de
515 1608 606 1659 inceiiu
617 1607 714 1658 causam
722 1608 795 1675 dixit,
813 1612 897 1662 crimi-

143 1696 181 1737 ne
193 1685 295 1745 innoxia
302 1703 310 1746 ;
327 1685 361 1735 ob
371 1682 538 1753 suspicionem
554 1695 656 1753 propter
674 1686 767 1738 cultum
778 1691 896 1741 amoenio-

149 1776 204 1815 rem
215 1763 387 1829 ingeniumque
406 1763 515 1827 liberius,
531 1768 605 1830 quim
621 1765 744 1830 virginem
756 1766 834 1832 decet,
853 1783 897 1835 pa-

150 1841 360 1892 rumabhorrens
379 1839 482 1891 fumanti
517 1841 677 1909 mpliatam,
694 1842 783 1896 deinde
801 1844 898 1895 absolu*

151 1927 212 1982 tam,
230 1933 275 1985 pro
295 1919 393 1984 collegii
404 1917 523 1969 sententia
537 1919 651 1986 pontifex
662 1923 785 1973 maximus
795 1923 899 1972 abiline·

151 2013 179 2048 te
188 1997 259 2062 jocis,
277 1998 375 2064 colique
389 1995 467 2047 sanili
483 1997 576 2065 potius,
592 2003 666 2063 quim
677 1997 742 2064 scite,
756 2000 831 2062 juifit.
848 2002 902 2051 Eo-

152 2072 211 2124 dem
222 2080 311 2124 annoa
324 2076 455 2142 Campanis
466 2079 557 2138 cuma,
573 2078 738 2140 quamGraeei
750 2088 803 2124 tum
813 2074 901 2124 urbem

153 2151 279 2214 tenebant,
298 2153 436 2216 capiuntur.
471 2151 603 2217 Insequens
617 2167 694 2200 annus
709 2152 818 2200 tribunos
834 2151 901 2202 mili·

153 2238 209 2278 tum
231 2225 353 2276 consulari
366 2227 485 2292 potestate
495 2227 589 2289 habuit,
608 2226 744 2292 Agrippam
755 2228 901 2276 Menenium

152 2306 286 2366 Lanatum,
303 2306 332 2351 Ρ.
353 2303 495 2352 Lucretium
516 2302 701 2367 Tricipitinum,
719 2307 759 2368 sp.
778 2302 899 2355 Nautium

154 2381 277 2434 Rutilum.

154 2480 157 2487 ·
188 2459 271 2509 va.
282 2457 375 2518 Annus,
384 2454 500 2504 felicitate
512 2453 597 2521 populi
609 2455 725 2519 Romani,
738 2457 849 2523 periculo
857 2473 903 2525 po-

153 2533 205 2582 tiris
216 2533 319 2596 ingenti,
337 2537 410 2597 quam
421 2529 496 2594 clade,
514 2529 621 2594 insignis.
648 2533 760 2596 Servitia,
776 2534 863 2582 urbem
873 2546 902 2585 ut

156 2608 314 2660 incenderent
330 2607 471 2670 distantibus
482 2606 550 2667 locis,
568 2605 727 2667 conjurirunt
736 2626 743 2668 3
761 2609 902 2674 populoque

156 2687 194 2754 ad·
204 2700 279 2752 opem
290 2683 371 2750 pallim
383 2680 507 2732 ferendam
519 2680 587 2731 toilis
600 2683 706 2745 intento,
723 2694 750 2732 ut
760 2699 842 2733 arcem
855 2688 902 2734 Ca-

157 2764 322 2832 pitoliumque
333 2761 420 2811 armati
432 2771 591 2826 occuparent.
604 2826 610 2832 ¹
626 2762 726 2809 Avertit
734 2761 836 2811 nefanda
845 2776 903 2811 con·

158 2842 209 2892 filia
227 2841 340 2906 Jupiter:
357 2839 498 2902 indicioque
515 2836 622 2887 duorum
638 2837 803 2904 comprehenfi
822 2837 902 2889 sontes

159 2933 242 2986 poenas
254 2916 379 2966 dederunt.
397 2914 518 2966 indicibus
530 2915 593 2964 dena
600 2916 676 2964 millia
684 2916 765 2979 gravis
776 2915 836 2978 atis,
849 2931 902 2980 quae

158 2993 316 3048 tumdivitiae
323 2993 485 3061 habebantur,
502 2992 633 3048 exaetarto
643 3001 777 3058 numerata,
794 2991 910 3055 &libera

264 3102 267 3108 ·
864 3075 911 3122 tat.
