1964 3660
345 207 571 274 LIBERI.
806 226 835 270 17

86 296 134 346 ime
139 295 220 362 firitem
235 309 285 342 erre
296 292 379 357 hostes:
402 295 461 343 deme
478 305 580 344 terrorem
592 295 700 356 Romanis,
717 297 837 361 fugamque

81 369 231 436 foedemstste.
267 370 312 418 Hic
323 386 360 436 ego
371 368 408 418 tibi
417 371 520 435 ternplum
533 371 614 418 Statori
626 371 690 431 Jevi,
702 371 754 435 quod
761 388 835 425 erenu-

86 446 216 510 menturnstt
224 445 322 512 posteris,
340 447 377 495 rur
382 448 478 512 presenti
489 459 528 511 ope
533 449 648 511 seruatam
660 445 731 493 urbem
741 446 785 510 effe,
795 465 836 503 vu·

86 540 137 573 veo⁴
168 528 227 573 Haec
246 534 366 588 precatus,
386 523 495 572 velutin
515 520 616 571 sensisset
633 522 726 572 auditas
743 540 834 591 preces,

86 603 152 664 Hinc,
159 601 248 666 inquit,
256 601 356 663 Ronrani,
363 601 453 667 Jupiter
463 601 553 665 optimus
562 592 667 648 miximus
673 599 765 663 refisiere
773 611 837 666 erpere

85 682 167 732 iterare
174 690 271 744 pugnam
277 675 348 742 juder·
373 677 488 727 Restitere
498 679 610 740 Romani,
623 688 741 742 tanquam
749 664 836 735 cusiessi

87 770 151 805 voce
160 755 224 818 jussi.
240 753 291 821 ipse
300 754 330 803 ad
338 756 457 821 primores
466 755 584 804 Romulus
593 748 717 820 provolat.
741 758 836 813 Mettus
909 779 912 783 ·

89 833 186 881 Curtius
198 831 229 880 ab
241 831 333 881 Sabinis
344 833 457 898 princeps
467 832 498 881 ab
509 847 564 880 arce
575 831 751 895 decucurrerat,
763 830 787 882 ἃ
800 822 836 883 ei·

87 907 153 957 susos
164 919 248 973 egerat
259 912 394 972 Romanos,
407 920 462 959 toto
471 919 589 976 quantunr
606 907 661 958 foro
677 907 780 975 spatium
793 910 835 960 est.

88 1000 134 1034 nee
143 984 229 1051 procui
243 985 321 1048 jasua
337 996 410 1053 porta
421 987 507 1035 Palatii
524 995 583 1050 erat,
596 985 729 1049 clamitans,
740 987 837 1057 Vicimus

85 1062 177 1128 perfidos
193 1061 289 1129 hospites,
300 1063 392 1114 imbelles
402 1063 478 1127 hostes.-
510 1066 566 1130 Jam
576 1065 648 1131 sciunt
660 1065 720 1130 iurgi
730 1063 788 1112 aliud
798 1062 837 1132 effe

87 1130 185 1204 virginer
194 1150 279 1204 rapere,
291 1140 349 1189 aliud
355 1153 454 1207 pugnare
461 1156 508 1188 eum
517 1141 582 1188 viris.
609 1143 638 1188 In
650 1155 714 1203 curn,
723 1139 773 1188 haec
782 1140 835 1203 glo·

87 1214 199 1279 rientem,
212 1231 268 1265 cum
278 1215 354 1280 globo
365 1216 567 1269 serocissimorum
581 1217 704 1279 juvenum
715 1207 836 1268 Romulus

88 1294 208 1360 impetum
219 1291 286 1345 facit.
327 1297 366 1345 En
375 1311 440 1360 equo
451 1305 504 1343 turn
515 1293 578 1344 forte
587 1298 680 1344 Mettus
692 1285 834 1362 pugnabat:

87 1372 117 1419 eb
126 1371 183 1438 pelli
192 1370 286 1421 facilius
297 1372 359 1422 fuit:
377 1373 472 1440 pulsum
480 1373 587 1422 Rornsni
599 1372 785 1440 persequuntur.
809 1372 836 1423 8:

86 1447 134 1498 alia
144 1452 257 1500 Romana
267 1451 339 1515 acies,
360 1451 462 1500 audacie
478 1450 540 1513 regis
552 1438 659 1513 accensa,
676 1450 758 1500 fundit
767 1450 835 1499 Sabi-

86 1538 141 1574 nos.
176 1527 269 1573 Mettus
281 1527 307 1575 in
322 1526 436 1593 paludem
448 1525 504 1589 sese,
515 1526 614 1593 strepitu
626 1525 777 1590 sequentium
786 1535 835 1575 tre-

86 1601 187 1669 pidante
199 1618 272 1668 equo,
291 1605 412 1668 conjecit:
430 1605 618 1670 adverteretque
626 1619 654 1652 ea
662 1619 699 1652 res
711 1605 784 1653 etiam
794 1609 835 1653 Sa·

87 1678 158 1731 binos
168 1681 230 1730 tanti
241 1682 351 1749 periculo
362 1682 420 1734 viri.
455 1685 487 1732 Et
496 1682 535 1730 ilie
543 1681 652 1748 quidem,
671 1682 836 1749 annuentibus
849 1694 852 1699 ·
873 1715 876 1720 -

88 1769 118 1805 ae
132 1757 278 1807 vocantibus
289 1757 345 1823 suis,
361 1758 448 1810 favore
459 1760 595 1809 multorum
607 1757 693 1807 addito
702 1760 794 1824 animo,
812 1774 836 1809 e·

87 1831 166 1884 vadit.
199 1837 308 1886 Romani
319 1836 449 1902 Sabinique
466 1838 492 1886 in
507 1837 588 1887 media
604 1835 718 1884 convalle
728 1835 835 1891 duorum

86 1915 210 1964 montium
224 1915 394 1980 redintegrant
410 1917 532 1982 proelium.
556 1913 596 1964 sed
612 1929 650 1964 res
658 1917 771 1965 Romana
784 1930 837 1973 erat

87 1986 209 2057 superior.

121 2070 194 2118 XIII.
215 2069 283 2118 Tum
297 2068 390 2118 Sabina
398 2066 519 2131 mulieres,
531 2080 635 2132 quamm
647 2080 680 2116 ex
690 2065 779 2130 injuria
786 2066 837 2117 bel·

87 2139 140 2192 lum
154 2155 238 2195 ortum
255 2156 315 2208 erat,
327 2136 433 2196 crinibds
451 2144 527 2212 parus,
545 2143 663 2210 scissdque
677 2142 751 2208 veste,
768 2141 839 2195 viiio

87 2220 156 2271 malis
170 2223 283 2272 muliebri
297 2238 399 2289 pavore,
416 2223 479 2272 ausae
496 2221 520 2271 se
536 2223 601 2272 inter
612 2221 660 2270 tela
676 2221 786 2270 volantia
796 2220 835 2272 iu-

87 2291 159 2360 ferre,
176 2314 208 2349 ex
219 2300 356 2370 transverso
373 2303 467 2368 impetu
482 2299 556 2364 fano,
573 2300 686 2350 dirimere
700 2297 795 2348 infestas
811 2314 838 2349 a·

88 2372 145 2434 cies,
156 2374 268 2425 dirimere
278 2378 341 2438 iras;
359 2378 416 2427 hinc
424 2387 511 2443 patres,
521 2378 579 2427 hinc
587 2378 655 2427 viros
664 2386 769 2438 orantes,
778 2377 836 2441 nese

80 2453 188 2517 finguine
203 2455 371 2520 nefaudesereri·
376 2457 489 2523 generique
507 2457 667 2523 respergerent:
684 2471 710 2503 ree
717 2454 836 2520 parricidio

87 2529 218 2579 macularent
224 2536 359 2599 partursurs,
371 2544 468 2599 nepotum
480 2534 519 2598 iiii,
530 2533 649 2585 liberemur
661 2533 791 2599 progeniem.
810 2527 836 2579 Si

85 2605 199 2665 affinrtaris
209 2611 266 2660 ieter
274 2628 323 2674 ver,
335 2613 357 2678 st
363 2612 456 2663 cenneiii
464 2615 533 2681 piger,
550 2615 618 2667 ireres
626 2613 708 2663 uertite
718 2612 781 2658 iras:
799 2623 836 2657 rm

87 2685 150 2747 causta
160 2683 214 2746 belii,
236 2704 272 2736 ros
283 2690 394 2741 numm
411 2707 436 2740 ac
454 2693 538 2741 redium
554 2691 653 2742 virtsuc
667 2685 836 2753 parentibusu-

87 2775 145 2809 mus.
166 2763 240 2813 meliis
251 2764 376 2830 peribimus,
392 2770 456 2833 quim
465 2769 511 2831 stne
525 2767 598 2815 alteris
608 2763 705 2827 vestrim
716 2762 785 2808 vidue
797 2765 836 2809 art

86 2834 138 2884 orbe
146 2838 258 2888 vivemus.
282 2843 371 2891 Movet
381 2852 418 2892 res
429 2853 483 2892 turn
490 2840 741 2898 multimdinunsum
753 2834 836 2887 duces.

89 2912 216 2964 Silentium
232 2917 258 2968 de
272 2920 400 2984 repentina
415 2917 443 2966 fit
459 2919 536 2982 quies.
554 2914 610 2965 inde
618 2914 648 2963 ad
659 2913 736 2964 soedus
745 2913 837 2963 facien-

86 2986 148 3043 dum
157 2989 230 3045 duces
237 2993 377 3062 prodeunt:
401 3008 447 3046 uec
456 3001 543 3064 pacem
553 2989 638 3057 modu
654 2988 696 3057 sed
706 2991 732 3043 ie
746 2990 834 3055 cipita-

784 3077 834 3120 tem
