1964 3660
360 221 530 274 LIBER
562 223 612 276 111.
805 228 851 290 ιω

72 343 75 348 -
136 309 238 361 XXVI.
252 304 554 376 Vis'Sabinorumiogenr
572 305 690 377 propt-ad
708 311 798 362 monia
809 326 851 362 ur*

99 383 142 438 bis
153 387 418 454 infestapopulatione
429 387 509 436 venit.
527 385 627 452 ‚deodati
643 387 704 450 agri,
719 396 801 438 terror
809 389 850 438 in·

95 464 180 531 ‘jestus
190 466 246 516 urbi
257 465 299 515 est.
333 469 403 514 Tum
420 464 488 532 piebt
499 463 604 530 benigne
618 479 688 514 anna
702 463 777 531 cepit.
810 479 851 515 re·

99 542 266 593 clamantibus
272 541 363 592 *frustm
373 542 485 605 tribunis,
502 541 585 607 magni
597 541 648 592 duo
657 542 781 591 exercitus
792 541 851 592 scni-

101 619 151 686 pti.
177 619 289 668 alterum
306 617 412 668 Nautius
431 628 518 667 eontra
537 618 638 667 Sabinos
649 616 739 668 duxit:
756 617 850 668 castrif-

97 711 152 762 que
167 694 198 745 ad
211 699 313 746 Eretum
331 694 423 762 posrtia,
439 709 484 760 per
495 694 664 762 expeditiones
684 711 781 762 parvas,
798 697 849 763 plo·

104 787 209 841 rumque
225 773 350 824 nocturnis
366 771 551 836 incursionibus,
570 783 663 822 tantam
674 774 812 824 vastitatem
823 776 850 826 in

104 852 195 902 Sabino
206 868 267 917 agro
277 852 391 916 reddidit,
400 861 437 914 ut,
449 851 585 917 comparati
596 850 627 901 ad
639 866 706 915 eam,
723 855 800 918 prope
811 853 850 902 irr-

99 926 161 978 tatu
172 928 237 979 bello
254 927 316 978 fines
325 930 433 979 Romani
452 926 603 976 viderentur¹
638 927 753 977 Minucio
769 943 850 995 neque

97 1005 205 1058 fortuna
215 1023 261 1058 nec
272 1009 312 1058 via
323 1008 399 1058 animi
413 1005 499 1056 eadem
509 1006 538 1054 in
555 1004 663 1070 gerendo
673 1005 776 1068 negotio
790 1005 848 1056 suit.

97 1098 170 1149 snam,
187 1100 264 1151 quum
275 1086 340 1135 haud
351 1083 480 1152 proculab
491 1082 558 1133 hodie
569 1081 645 1132 eastra
657 1081 780 1149 posuisset,
794 1083 849 1133 nud-

98 1159 126 1212 ia
138 1178 288 1232 magnopere
299 1163 366 1214 clade
376 1163 485 1230 accepti,
496 1163 577 1213 castris
589 1161 613 1212 se
624 1161 728 1229 pavidus
739 1163 848 1213 tenebat.

104 1239 181 1304 Quod
191 1241 236 1290 ubi
255 1240 376 1298 senserant
386 1241 473 1305 hoster,
491 1239 569 1291 crevit
580 1253 613 1289 ex
628 1249 697 1288 meru
714 1239 803 1304 alieno,
819 1251 850 1291 ut

98 1315 139 1380 dt,
156 1317 275 1370 audacia:
292 1320 327 1383 dt,
343 1319 413 1371 nodie
424 1318 505 1369 adorti
522 1317 604 1382 castra,
622 1317 748 1384 postquam
759 1333 848 1386 parurn
866 1325 868 1329 ’

16 1440 18 1444 ,
101 1397 141 1446 ris
152 1409 237 1466 aperta
252 1399 398 1468 profecerat,
415 1399 564 1449 munitiones
579 1398 675 1465 postero
689 1397 730 1446 die
741 1399 849 1448 circurn-

95 1471 170 1524 dant.
204 1491 257 1549 qua
274 1475 424 1544 priusquam,
446 1475 555 1541 undique
571 1473 638 1523 vallo
656 1473 762 1537 objriio,
780 1475 848 1525 clau·
952 1513 956 1517 .

24 1562 30 1568 ’
99 1550 188 1604 derunt
199 1553 289 1618 exitus,
306 1555 413 1620 quinque
424 1554 526 1618 equites,
543 1553 606 1601 inter
621 1551 848 1602 uauonrshostium

101 1630 187 1695 emiffi,
204 1633 311 1683 Romam
321 1633 449 1700 pertulere,
466 1628 591 1681 consulem
603 1630 790 1696 exereitrunque
801 1628 848 1680 ob·

102 1706 182 1759 fideti.
216 1710 287 1760 Nihil
304 1727 350 1761 nec
369 1722 421 1760 tam
435 1709 601 1776 inopinatum,
618 1720 729 1759 nectam
740 1707 848 1776 inspera-

90 1794 157 1835 tum
167 1787 277 1839 accidere
289 1790 381 1856 potuit.
399 1792 486 1854 Itaque
499 1797 582 1838 tantus
591 1802 678 1854 pavor,
690 1797 759 1837 tanta
770 1788 845 1856 trepi-

102 1860 171 1914 datio
181 1862 238 1928 fuir,
256 1876 356 1930 quanta,
367 1864 385 1913 sr
396 1865 491 1928 urbem,
503 1879 555 1913 non
568 1863 650 1926 castra,
662 1863 741 1913 hostes
751 1863 847 1916 obsrde·
873 1887 875 1890 ·

100 1950 164 1991 tent.
191 1942 312 1992 Nautium
323 1941 448 1992 consulem
458 1938 586 1990 areeffunt.
614 1940 641 1988 in
652 1953 703 2005 quo
714 1955 791 2005 quum
802 1957 847 2008 pa-

97 2031 157 2070 rum
176 2018 279 2088 praefidii
295 2019 429 2082 videretur,
454 2016 645 2082 didtatoremque
662 2017 711 2066 dici
731 2018 847 2085 placeret,
861 2040 866 2050 =

95 2099 143 2164 -qui
158 2114 211 2148 rem
222 2098 358 2166 perculsam
368 2098 511 2161 restitueret,
527 2097 559 2146 L.
573 2094 701 2158 Quinctius
714 2096 847 2148 Cincinna-

99 2184 140 2223 rus
151 2173 269 2225 consensu
280 2176 393 2226 omnium
404 2173 503 2224 dicitur.
537 2175 625 2238 Operae
636 2174 742 2239 pretium
752 2173 787 2222 est
801 2188 846 2224 au·

94 2250 162 2317 dire,
179 2255 222 2320 qui
236 2256 320 2304 omnia
334 2269 384 2321 prae
397 2251 492 2301 divitiis
505 2251 613 2300 humana
624 2248 748 2318 spernunt,
765 2265 846 2320 neque
956 2297 958 2301 ,

95 2330 190 2382 dronori
209 2347 301 2398 magno
320 2333 412 2396 locum,
429 2345 507 2396 neque
527 2329 615 2379 virtuti
630 2339 718 2396 putant
728 2329 783 2395 effe,
800 2330 846 2384 rifi

100 2408 145 2457 ubi
156 2407 339 2460 effureaffluant
347 2424 415 2478 oper.
432 2413 490 2476 Sper
500 2407 574 2457 unica
584 2407 682 2476 imperii
693 2409 780 2477 populi
791 2412 844 2463 Ro·

100 2484 169 2533 mani
185 2487 217 2535 L.
230 2484 358 2549 Quintiius
371 2497 437 2537 trans
452 2484 575 2548 Tiberim,
592 2495 679 2535 contra
690 2501 747 2536 eum
764 2485 845 2554 ipsum

102 2561 196 2629 locum,
211 2563 255 2615 ubi
265 2581 331 2616 uuae
341 2566 440 2616 navalia
454 2563 517 2627 sunt,
534 2575 640 2629 quatuor
651 2565 767 2629 jugerum
778 2566 847 2616 cole·

100 2641 147 2692 bat
157 2655 252 2708 agrum,
268 2658 323 2710 quae
336 2656 405 2712 prata
422 2640 539 2708 Quinstia
551 2653 682 2693 vocantur.
716 2642 755 2692 lbi
766 2643 798 2692 ab
808 2643 844 2693 le·

102 2721 174 2784 gatis,
191 2718 233 2769 seu
242 2720 329 2772 [offam
345 2722 441 2773 fodient
456 2720 516 2788 pale
532 2719 630 2782 inuisus,
649 2719 691 2768 seu
702 2732 779 2784 quum
790 2735 845 2769 ara-

99 2810 156 2860 ret3
173 2799 242 2865 operi
252 2804 324 2863 certe,
341 2800 367 2849 id
378 2800 444 2866 quod
459 2798 560 2861 constat,
570 2797 656 2863 agresti
666 2798 790 2856 inteutusr
806 2795 845 2847 sa-

99 2877 154 2927 rute
170 2877 226 2928 dard
241 2878 365 2930 invicem
380 2877 530 2943 redditaque,
546 2887 654 2941 rogatur,
676 2883 708 2940 ue,
724 2875 778 2943 quod
794 2873 845 2927 bene

47 2980 50 2985 ⁴
95 2962 197 3004 verteret
215 2953 256 3020 t'pfi
268 2956 338 3021 reique
350 2955 446 3022 padsrcae,
454 2962 537 3020 togatus
547 2953 648 3002 mandata
653 2953 740 3020 senatrix
751 2952 845 3020 audiret,

95 3027 242 3102 adituram,
254 3024 420 3102 rogitantque,
431 3028 572 3100 satia’salva
581 3027 642 3102 dieat
650 3030 742 3086 rnna?
756 3039 844 3094 togam

783 3110 844 3165 1²¹⁰?
