1964 3660
124 219 159 265 44
385 201 421 250 T.
456 200 612 250 LIVIr

122 301 203 373 perage
213 284 267 353 quod
275 301 329 335 aver
337 294 375 335 tue
380 287 432 349 fieri
438 285 493 352 pff
501 287 639 352 portendunt.
665 295 718 337 turn
727 285 797 336 illum
806 285 876 335 haud

125 355 265 415 canstanter
279 361 395 412 discidisse
410 374 492 412 cotem
509 362 599 411 ferunt.
635 367 718 412 Statua
730 364 785 412 Atti
804 364 871 428 capi·
894 368 897 374 “

125 438 253 501 revelato,
265 454 316 504 quo
328 439 353 486 in
368 439 424 487 loco
439 454 476 487 res
490 438 543 487 adia
559 439 640 502 cst,1n
652 441 764 503 comitio,
780 440 807 488 in
817 454 872 502 gra·

125 515 197 565 dibus
209 515 264 581 ipsrs
278 515 308 564 ad
319 516 407 564 laevam
418 517 490 564 curiae
502 515 565 564 fuit:
583 526 665 564 cotem
677 532 774 582 quoque
786 517 873 566 eodem

124 589 184 641 loco
200 590 269 640 fitam
283 589 352 640 inille
368 603 515 657 memorant,
537 602 565 640 ut
579 591 636 642 ellet
652 591 684 642 ad
702 594 809 660 posteros
825 593 873 643 mi·

124 667 201 717 raculi
218 668 270 731 ejus
286 679 484 719 monumentum.
519 670 636 732 Auguriis
651 673 714 718 certe
726 669 874 719 sacerdotio·

125 758 174 808 que
184 758 306 806 augurum
317 754 399 794 tantus
409 745 489 794 honos
499 743 602 809 acceilit,
612 755 641 794 ut
651 743 712 806 nihil
723 745 778 794 belli
793 744 873 793 domi-

125 834 174 886 que
184 820 273 887 postea,
281 822 324 870 nist
333 820 458 888 auspicato
465 831 603 884 gereretur:
616 821 720 871 concilia
728 821 821 887 populi,
830 834 874 870 ex-

126 894 216 956 ercitus
225 897 318 960 vocati,
335 894 430 947 summa
437 911 527 958 rerum,
538 895 582 944 ubi
592 910 652 946 aves
662 906 713 945 non
723 894 874 955 admisissent,

126 970 312 1028 dirimerentur
345 978 434 1040 Neque
444 982 496 1021 tum
504 974 654 1038 Tarqurmus
662 973 876 1038 deequrtumeen

127 1048 199 1123 turiis
211 1051 345 1116 quicquam
355 1053 479 1103 mutavit:
502 1066 606 1101 numero
616 1051 719 1100 alterum
730 1059 825 1098 tanttun
836 1047 877 1097 ad·

125 1110 196 1189 Jecit,
207 1135 236 1174 ut
246 1126 312 1175 mille
322 1126 347 1175 ἃ
355 1117 488 1188 odingenti
497 1126 589 1188 equites
598 1126 624 1173 in
633 1124 709 1173 tribus
720 1123 833 1172 centuriis
843 1121 879 1169 es-

128 1197 190 1256 sent
226 1199 373 1249 Posteriores
390 1200 466 1250 modo
486 1198 531 1247 sub
552 1198 639 1248 iisdem
662 1197 811 1258 nominibus,
832 1195 876 1260 qui

128 1271 207 1322 additi
219 1283 296 1336 erant,
314 1273 430 1337 appellati
440 1271 518 1330 suntr,
534 1287 594 1339 quas
608 1287 683 1336 nunc,
698 1271 757 1336 quia
767 1270 876 1334 gemina·

128 1359 160 1399 tae
174 1346 237 1410 sunt,
255 1347 299 1398 sex
310 1352 403 1399 uocant
420 1347 550 1398 centurias.

163 1425 378 1474 XXXV11.Hac
396 1435 466 1491 parte
482 1438 611 1491 copiarum
621 1420 699 1485 suile
713 1422 802 1471 iterum
820 1433 878 1470 cum

129 1497 224 1548 Sabinis
239 1498 392 1564 confligitur.
425 1499 470 1551 Sed
479 1512 639 1575 preterquam
650 1496 716 1563 quod
724 1495 818 1546 vrnbus
826 1511 878 1545 cre

127 1585 201 1624 uerat
212 1577 338 1626 Romanus
347 1579 477 1641 exercitus,
489 1592 521 1626 ex
533 1576 632 1627 occulto
640 1575 715 1624 etiam
725 1571 823 1622 additur
832 1572 878 1620 do·

129 1647 175 1713 lus,
187 1650 268 1715 millis,
283 1652 327 1716 qui
337 1667 453 1717 magnam
464 1669 518 1703 vrm
525 1650 681 1717 lignorum,
674 1665 700 1700 ιιι
712 1648 812 1699 Anienis
826 1648 882 1715 ripe

128 1722 262 1788 jacentem,
282 1726 427 1776 ardentem
420 1744 446 1778 ιιι
463 1729 557 1777 flumen
570 1727 735 1790 conjicerent:
752 1733 881 1788 ventoque

112 1800 234 1865 ¹juvnnte
248 1800 349 1852 accensa
359 1802 434 1866 ligna,
450 1802 475 1854 dt
489 1803 613 1870 pleraque,
630 1802 656 1851 in
666 1801 758 1850 ratibus
766 1799 886 1867 impadn,

130 1875 230 1928 sublicis
240 1893 317 1942 quum
328 1879 455 1943 hererent,
470 1889 577 1946 pontem
587 1876 731 1929 incendunt.
763 1879 800 1926 Ea
817 1891 884 1941 quo·

130 1966 181 2016 que
190 1953 263 2003 resin
274 1970 357 2027 pugna
365 1967 485 2006 terrorem
495 1955 577 2006 attulit
586 1956 688 2007 Sabinis.
709 1951 883 2005 effinseadem
951 2015 956 2023 ι

130 2028 217 2093 fugam
228 2031 356 2098 impediit:
368 2035 489 2100 multique
496 2036 619 2100 mortales,
628 2049 705 2101 quum
715 2031 809 2082 hostem
820 2029 882 2081 effu-

129 2103 225 2169 gissent,
234 2107 261 2156 in
271 2109 372 2160 flumine
380 2109 435 2176 ipso
446 2110 552 2176 periere:
565 2114 671 2176 quorum
681 2107 803 2158 fluitantia
813 2122 883 2156 arma

131 2180 164 2238 ad
174 2182 261 2232 urbem
273 2186 374 2247 cognita
390 2187 416 2233 in
431 2185 528 2246 Tiberi,
540 2186 608 2250 prius
617 2188 678 2249 pene
686 2187 760 2246 quem
771 2182 884 2231 nunciari
951 2188 953 2192 “

131 2254 217 2323 pollet,
226 2254 482 2318 insignemvittoriam
491 2257 580 2307 secere.
614 2254 883 2321 Eoproeliopraecipua

132 2332 245 2397 equitum
262 2331 342 2394 gloria
362 2332 420 2381 suit.
453 2335 569 2398 utrinque
592 2330 762 2381 abscomibus
781 2330 881 2396 positos,

133 2413 212 2472 quum
221 2405 274 2468 jam
288 2406 418 2471 pelleretur
431 2408 513 2458 media
524 2407 634 2475 pediturn
646 2404 748 2455 suorum
759 2407 830 2469 acies,
848 2406 886 2456 its

120 2473 258 2540 'iruunisse
270 2484 301 2532 ab
309 2484 424 2534 lateribus
441 2486 530 2549 ferunt,
538 2494 567 2534 ut
580 2498 630 2533 non
639 2482 744 2532 sisterent
754 2482 830 2532 modo
841 2486 883 2530 Sa-

132 2560 203 2616 binas
214 2559 330 2623 legiones,
342 2560 456 2612 ferociter
467 2563 578 2612 instantes
590 2556 739 2621 cedentibus,
749 2557 789 2607 sed
803 2556 885 2607 subito

134 2638 162 2688 in
172 2635 256 2700 sugant
268 2647 417 2686 averterent.
440 2640 539 2688 Montes
555 2634 633 2686 effuto
642 2633 713 2684 eursu
724 2633 808 2683 Sabini
819 2643 885 2699 pete·

134 2712 203 2776 bant,
218 2713 243 2762 ἃ
255 2715 327 2778 pauci
339 2725 454 2774 tenuere;
471 2714 580 2765 maxima
595 2725 657 2778 pars,
677 2720 706 2759 ut
722 2713 784 2760 ante
781 2707 889 2797 ditldqr

137 2789 178 2852 est,
189 2790 221 2840 ab
234 2791 380 2856 equitibus'
374 2809 400 2841 ιιι
415 2793 507 2842 fltunen
517 2788 564 2840 atti
575 2786 638 2838 sunt.
674 2780 852 2854 Tarquinius,
846 2800 883 2833 nr·
894 2796 895 2799 ’
967 2786 974 2800 '

137 2864 247 2916 standum
265 2870 397 2932 perterritis
413 2877 488 2929 ratus,
510 2865 589 2933 praedd
608 2863 760 2931 captivisque
777 2864 886 2913 Romam

136 2940 217 3004 ffliffin
234 2940 315 3007 spoliis
326 2944 432 2999 hostium
443 2944 542 3008 (votum
552 2940 580 2994 id
588 2940 700 2994 Vulcano
711 2941 772 3004 erat)
788 2937 884 3062 iffi:
911 2948 915 2953 ·

783 3024 797 3061 c
952 3046 954 3051 .
