<?xml version="1.0" encoding="UTF-8"?>
<!DOCTYPE html PUBLIC "-//W3C//DTD XHTML 1.0 Transitional//EN"
    "http://www.w3.org/TR/xhtml1/DTD/xhtml1-transitional.dtd">
<html xmlns="http://www.w3.org/1999/xhtml" xml:lang="en" lang="en">
 <head>
  <title>
</title>
<meta http-equiv="Content-Type" content="text/html;charset=utf-8" />
  <meta name='ocr-system' content='tesseract 3.04.00' />
  <meta name='ocr-capabilities' content='ocr_page ocr_carea ocr_par ocr_line ocrx_word'/>
</head>
<body>
  <div class='ocr_page' id='page_1' title='image "./titiliviipatavi00livygoog_0146.png"; bbox 0 0 1964 3660; ppageno 0'>
   <div class='ocr_carea' id='block_1_1' title="bbox 202 134 876 227">
    <p class='ocr_par' dir='ltr' id='par_1_1' title="bbox 202 134 876 227">
     <span class='ocr_line' id='line_1_1' title="bbox 202 134 876 227; baseline 0.004 -12"><span class='ocrx_word' id='word_1_1' title='bbox 202 139 206 150; x_wconf 87' lang='lat'>&#39;</span> <span class='ocrx_word' id='word_1_2' title='bbox 302 134 307 181; x_wconf 61' lang='grc' dir='ltr'>ἕ</span> <span class='ocrx_word' id='word_1_3' title='bbox 391 144 629 214; x_wconf 75' lang='lat' dir='ltr'>Ltunt&#39;rt.</span> <span class='ocrx_word' id='word_1_4' title='bbox 827 171 876 227; x_wconf 60' lang='grc' dir='ltr'>ιη</span> 
     </span>
    </p>
   </div>
   <div class='ocr_carea' id='block_1_2' title="bbox 76 223 935 2074">
    <p class='ocr_par' dir='ltr' id='par_1_2' title="bbox 76 223 935 2074">
     <span class='ocr_line' id='line_1_2' title="bbox 164 223 879 316; baseline 0.004 -17"><span class='ocrx_word' id='word_1_5' title='bbox 164 248 239 299; x_wconf 79' lang='lat' dir='ltr'>txt</span> <span class='ocrx_word' id='word_1_6' title='bbox 255 223 436 299; x_wconf 80' lang='lat' dir='ltr'>Ttubulentior</span> <span class='ocrx_word' id='word_1_7' title='bbox 448 247 504 299; x_wconf 86' lang='lat' dir='ltr'>inde</span> <span class='ocrx_word' id='word_1_8' title='bbox 514 263 592 301; x_wconf 82' lang='lat' dir='ltr'>annus</span> <span class='ocrx_word' id='word_1_9' title='bbox 604 247 710 315; x_wconf 79' lang='lat' dir='ltr'>excepit,</span> <span class='ocrx_word' id='word_1_10' title='bbox 722 249 754 299; x_wconf 90' lang='lat' dir='ltr'>L.</span> <span class='ocrx_word' id='word_1_11' title='bbox 767 252 879 316; x_wconf 86' lang='lat' dir='ltr'>Valerio,</span> 
     </span>
     <span class='ocr_line' id='line_1_3' title="bbox 88 317 880 392; baseline 0.005 -18"><span class='ocrx_word' id='word_1_12' title='bbox 88 319 91 326; x_wconf 75' lang='lat'>&#39;</span> <span class='ocrx_word' id='word_1_13' title='bbox 133 323 170 374; x_wconf 88' lang='grc' dir='ltr'>Τ.</span> <span class='ocrx_word' id='word_1_14' title='bbox 188 317 292 375; x_wconf 73' lang='lat' dir='ltr'>AEmilio</span> <span class='ocrx_word' id='word_1_15' title='bbox 309 323 464 388; x_wconf 75' lang='lat' dir='ltr'>consulibua,</span> <span class='ocrx_word' id='word_1_16' title='bbox 475 330 532 375; x_wconf 84' lang='lat' dir='ltr'>cum</span> <span class='ocrx_word' id='word_1_17' title='bbox 550 335 651 392; x_wconf 88' lang='lat' dir='ltr'>propter</span> <span class='ocrx_word' id='word_1_18' title='bbox 663 327 795 376; x_wconf 83' lang='lat' dir='ltr'>certamina</span> <span class='ocrx_word' id='word_1_19' title='bbox 813 329 880 378; x_wconf 66' lang='lat' dir='ltr'>ordi»</span> 
     </span>
     <span class='ocr_line' id='line_1_4' title="bbox 95 400 878 470; baseline 0.006 -21"><span class='ocrx_word' id='word_1_20' title='bbox 95 401 97 406; x_wconf 84' lang='lat'>&#39;</span> <span class='ocrx_word' id='word_1_21' title='bbox 132 413 193 450; x_wconf 87' lang='lat' dir='ltr'>num</span> <span class='ocrx_word' id='word_1_22' title='bbox 204 401 237 451; x_wconf 71' lang='lat' dir='ltr'>de*</span> <span class='ocrx_word' id='word_1_23' title='bbox 244 403 299 466; x_wconf 76' lang='lat' dir='ltr'>lege</span> <span class='ocrx_word' id='word_1_24' title='bbox 309 403 411 465; x_wconf 83' lang='lat' dir='ltr'>agraria,</span> <span class='ocrx_word' id='word_1_25' title='bbox 428 412 481 450; x_wconf 89' lang='lat' dir='ltr'>tum</span> <span class='ocrx_word' id='word_1_26' title='bbox 495 411 597 468; x_wconf 91' lang='lat' dir='ltr'>propter</span> <span class='ocrx_word' id='word_1_27' title='bbox 595 400 726 464; x_wconf 90' lang='lat' dir='ltr'>judicium</span> <span class='ocrx_word' id='word_1_28' title='bbox 738 407 789 470; x_wconf 76' lang='lat' dir='ltr'>Ap.</span> <span class='ocrx_word' id='word_1_29' title='bbox 804 406 878 454; x_wconf 88' lang='lat' dir='ltr'>Clau-</span> 
     </span>
     <span class='ocr_line' id='line_1_5' title="bbox 130 469 878 545; baseline 0.007 -21"><span class='ocrx_word' id='word_1_30' title='bbox 130 475 181 530; x_wconf 88' lang='lat' dir='ltr'>dii:</span> <span class='ocrx_word' id='word_1_31' title='bbox 199 477 248 542; x_wconf 88' lang='lat' dir='ltr'>eui,</span> <span class='ocrx_word' id='word_1_32' title='bbox 264 479 385 527; x_wconf 88' lang='lat' dir='ltr'>acerrimo</span> <span class='ocrx_word' id='word_1_33' title='bbox 401 475 542 526; x_wconf 89' lang='lat' dir='ltr'>adversario</span> <span class='ocrx_word' id='word_1_34' title='bbox 560 469 640 540; x_wconf 51' lang='lat' dir='ltr'>legis,¹</span> <span class='ocrx_word' id='word_1_35' title='bbox 654 477 801 543; x_wconf 83' lang='lat' dir='ltr'>causamque</span> <span class='ocrx_word' id='word_1_36' title='bbox 821 478 878 545; x_wconf 87' lang='lat' dir='ltr'>pos·</span> 
     </span>
     <span class='ocr_line' id='line_1_6' title="bbox 131 548 877 619; baseline 0.007 -20"><span class='ocrx_word' id='word_1_37' title='bbox 131 548 247 608; x_wconf 83' lang='lat' dir='ltr'>sessorum</span> <span class='ocrx_word' id='word_1_38' title='bbox 265 554 358 619; x_wconf 85' lang='lat' dir='ltr'>publici</span> <span class='ocrx_word' id='word_1_39' title='bbox 377 553 439 617; x_wconf 80' lang='lat' dir='ltr'>agri,</span> <span class='ocrx_word' id='word_1_40' title='bbox 455 553 665 616; x_wconf 80' lang='lat' dir='ltr'>tanquamrertio</span> <span class='ocrx_word' id='word_1_41' title='bbox 685 554 790 619; x_wconf 84' lang='lat' dir='ltr'>consuli,</span> <span class='ocrx_word' id='word_1_42' title='bbox 808 555 877 604; x_wconf 72' lang='lat' dir='ltr'>sulii</span> 
     </span>
     <span class='ocr_line' id='line_1_7' title="bbox 131 628 877 698; baseline 0.009 -22"><span class='ocrx_word' id='word_1_43' title='bbox 131 628 210 698; x_wconf 81' lang='lat' dir='ltr'>nenti,</span> <span class='ocrx_word' id='word_1_44' title='bbox 226 632 265 679; x_wconf 85' lang='lat' dir='ltr'>M.</span> <span class='ocrx_word' id='word_1_45' title='bbox 280 630 378 679; x_wconf 84' lang='lat' dir='ltr'>Duilius</span> <span class='ocrx_word' id='word_1_46' title='bbox 398 629 423 678; x_wconf 75' lang='grc' dir='ltr'>δε</span> <span class='ocrx_word' id='word_1_47' title='bbox 443 632 473 678; x_wconf 87' lang='lat' dir='ltr'>C.</span> <span class='ocrx_word' id='word_1_48' title='bbox 486 628 588 677; x_wconf 76' lang='lat' dir='ltr'>Sicinius</span> <span class='ocrx_word' id='word_1_49' title='bbox 599 629 664 678; x_wconf 89' lang='lat' dir='ltr'>diem</span> <span class='ocrx_word' id='word_1_50' title='bbox 675 628 770 680; x_wconf 82' lang='lat' dir='ltr'>dixere</span> <span class='ocrx_word' id='word_1_51' title='bbox 806 636 877 683; x_wconf 88' lang='lat' dir='ltr'>Nun-</span> 
     </span>
     <span class='ocr_line' id='line_1_8' title="bbox 132 704 880 770; baseline 0.008 -16"><span class='ocrx_word' id='word_1_52' title='bbox 132 719 207 770; x_wconf 88' lang='lat' dir='ltr'><strong>quam</strong></span> <span class='ocrx_word' id='word_1_53' title='bbox 217 707 273 754; x_wconf 73' lang='lat' dir='ltr'>ante</span> <span class='ocrx_word' id='word_1_54' title='bbox 284 704 440 755; x_wconf 70' lang='lat' dir='ltr'>taminvisus</span> <span class='ocrx_word' id='word_1_55' title='bbox 453 704 519 770; x_wconf 87' lang='lat' dir='ltr'>plebi</span> <span class='ocrx_word' id='word_1_56' title='bbox 535 719 589 753; x_wconf 81' lang='lat' dir='ltr'>reus</span> <span class='ocrx_word' id='word_1_57' title='bbox 600 705 631 754; x_wconf 90' lang='lat' dir='ltr'>ad</span> <span class='ocrx_word' id='word_1_58' title='bbox 641 705 762 768; x_wconf 86' lang='lat' dir='ltr'>judicium</span> <span class='ocrx_word' id='word_1_59' title='bbox 773 719 880 760; x_wconf 77' lang='lat' dir='ltr'>vocatur</span> 
     </span>
     <span class='ocr_line' id='line_1_9' title="bbox 132 780 878 858; baseline 0.008 -29"><span class='ocrx_word' id='word_1_60' title='bbox 132 781 220 858; x_wconf 90' lang='lat' dir='ltr'>populi</span> <span class='ocrx_word' id='word_1_61' title='bbox 230 780 271 846; x_wconf 81' lang='lat' dir='ltr'>ess,</span> <span class='ocrx_word' id='word_1_62' title='bbox 287 782 372 848; x_wconf 87' lang='lat' dir='ltr'>plenus</span> <span class='ocrx_word' id='word_1_63' title='bbox 390 781 498 843; x_wconf 83' lang='lat' dir='ltr'>suarum,</span> <span class='ocrx_word' id='word_1_64' title='bbox 512 780 597 846; x_wconf 83' lang='lat' dir='ltr'>plenus</span> <span class='ocrx_word' id='word_1_65' title='bbox 609 791 764 846; x_wconf 86' lang='lat' dir='ltr'>paternarum</span> <span class='ocrx_word' id='word_1_66' title='bbox 776 784 878 836; x_wconf 88' lang='lat' dir='ltr'>irarum</span> 
     </span>
     <span class='ocr_line' id='line_1_10' title="bbox 132 852 879 932; baseline 0.003 -24"><span class='ocrx_word' id='word_1_67' title='bbox 132 852 217 908; x_wconf 80' lang='lat' dir='ltr'>Patres</span> <span class='ocrx_word' id='word_1_68' title='bbox 235 874 334 923; x_wconf 86' lang='lat' dir='ltr'>quoque</span> <span class='ocrx_word' id='word_1_69' title='bbox 344 874 396 908; x_wconf 88' lang='lat' dir='ltr'>non</span> <span class='ocrx_word' id='word_1_70' title='bbox 407 861 497 906; x_wconf 79' lang='lat' dir='ltr'>temere</span> <span class='ocrx_word' id='word_1_71' title='bbox 514 872 560 932; x_wconf 82' lang='lat' dir='ltr'>pro</span> <span class='ocrx_word' id='word_1_72' title='bbox 571 857 622 906; x_wconf 91' lang='lat' dir='ltr'>ullo</span> <span class='ocrx_word' id='word_1_73' title='bbox 634 862 702 923; x_wconf 76' lang='lat' dir='ltr'>aque</span> <span class='ocrx_word' id='word_1_74' title='bbox 717 858 793 908; x_wconf 79' lang='lat' dir='ltr'>annisi</span> <span class='ocrx_word' id='word_1_75' title='bbox 805 860 879 911; x_wconf 85' lang='lat' dir='ltr'>sunt:</span> 
     </span>
     <span class='ocr_line' id='line_1_11' title="bbox 133 914 879 1002; baseline 0.003 -18"><span class='ocrx_word' id='word_1_76' title='bbox 133 946 342 1002; x_wconf 78' lang='lat' dir='ltr'><strong>propugnatorem</strong></span> <span class='ocrx_word' id='word_1_77' title='bbox 362 914 464 997; x_wconf 78' lang='lat' dir='ltr'>senatur,</span> <span class='ocrx_word' id='word_1_78' title='bbox 481 919 660 998; x_wconf 67' lang='lat' dir='ltr'>majestatisque</span> <span class='ocrx_word' id='word_1_79' title='bbox 680 934 804 985; x_wconf 80' lang='lat' dir='ltr'>vindicem</span> <span class='ocrx_word' id='word_1_80' title='bbox 821 937 879 1002; x_wconf 66' lang='lat' dir='ltr'>sue,</span> 
     </span>
     <span class='ocr_line' id='line_1_12' title="bbox 97 1006 879 1078; baseline 0.005 -18"><span class='ocrx_word' id='word_1_81' title='bbox 97 1006 114 1022; x_wconf 78' lang='grc'>”</span> <span class='ocrx_word' id='word_1_82' title='bbox 132 1011 164 1060; x_wconf 82' lang='lat' dir='ltr'>ad</span> <span class='ocrx_word' id='word_1_83' title='bbox 176 1027 259 1062; x_wconf 80' lang='lat' dir='ltr'>omnes</span> <span class='ocrx_word' id='word_1_84' title='bbox 269 1012 413 1062; x_wconf 82' lang='lat' dir='ltr'>tribunicios</span> <span class='ocrx_word' id='word_1_85' title='bbox 431 1010 588 1078; x_wconf 85' lang='lat' dir='ltr'>plebeiosque</span> <span class='ocrx_word' id='word_1_86' title='bbox 600 1010 740 1078; x_wconf 83' lang='lat' dir='ltr'>oppositum</span> <span class='ocrx_word' id='word_1_87' title='bbox 751 1015 879 1078; x_wconf 75' lang='lat' dir='ltr'>tumultur,</span> 
     </span>
     <span class='ocr_line' id='line_1_13' title="bbox 133 1087 878 1154; baseline 0.005 -17"><span class='ocrx_word' id='word_1_88' title='bbox 133 1087 235 1137; x_wconf 90' lang='lat' dir='ltr'>modum</span> <span class='ocrx_word' id='word_1_89' title='bbox 252 1089 371 1139; x_wconf 84' lang='lat' dir='ltr'>duntaxat</span> <span class='ocrx_word' id='word_1_90' title='bbox 387 1090 413 1138; x_wconf 88' lang='lat' dir='ltr'>in</span> <span class='ocrx_word' id='word_1_91' title='bbox 432 1088 565 1146; x_wconf 76' lang='lat' dir='ltr'>certamine</span> <span class='ocrx_word' id='word_1_92' title='bbox 576 1087 703 1151; x_wconf 78' lang='lat' dir='ltr'>egressum,</span> <span class='ocrx_word' id='word_1_93' title='bbox 720 1089 788 1144; x_wconf 67' lang='lat' dir='ltr'>nata</span> <span class='ocrx_word' id='word_1_94' title='bbox 799 1091 878 1154; x_wconf 80' lang='lat' dir='ltr'>objici</span> 
     </span>
     <span class='ocr_line' id='line_1_14' title="bbox 134 1163 877 1230; baseline 0.008 -19"><span class='ocrx_word' id='word_1_95' title='bbox 134 1163 210 1230; x_wconf 89' lang='lat' dir='ltr'>plebi.</span> <span class='ocrx_word' id='word_1_96' title='bbox 221 1168 289 1214; x_wconf 86' lang='lat' dir='ltr'>Unus</span> <span class='ocrx_word' id='word_1_97' title='bbox 300 1168 313 1212; x_wconf 80' lang='grc' dir='ltr'><strong>ὲ</strong></span> <span class='ocrx_word' id='word_1_98' title='bbox 325 1165 444 1228; x_wconf 78' lang='lat' dir='ltr'>Patribus,</span> <span class='ocrx_word' id='word_1_99' title='bbox 456 1164 509 1230; x_wconf 81' lang='lat' dir='ltr'>ipse</span> <span class='ocrx_word' id='word_1_100' title='bbox 518 1168 567 1230; x_wconf 85' lang='lat' dir='ltr'>Ap.</span> <span class='ocrx_word' id='word_1_101' title='bbox 582 1164 705 1227; x_wconf 80' lang='lat' dir='ltr'>Claudius,</span> <span class='ocrx_word' id='word_1_102' title='bbox 718 1165 743 1219; x_wconf 74' lang='grc' dir='ltr'>δι</span> <span class='ocrx_word' id='word_1_103' title='bbox 755 1165 877 1230; x_wconf 80' lang='lat' dir='ltr'>tribunos,</span> 
     </span>
     <span class='ocr_line' id='line_1_15' title="bbox 133 1239 877 1307; baseline 0.003 -17"><span class='ocrx_word' id='word_1_104' title='bbox 133 1241 160 1290; x_wconf 67' lang='grc' dir='ltr'><strong><em>ἃ</em></strong></span> <span class='ocrx_word' id='word_1_105' title='bbox 172 1240 280 1307; x_wconf 84' lang='lat' dir='ltr'>plebem,</span> <span class='ocrx_word' id='word_1_106' title='bbox 294 1241 319 1290; x_wconf 70' lang='lat'>81</span> <span class='ocrx_word' id='word_1_107' title='bbox 330 1241 400 1291; x_wconf 82' lang='lat' dir='ltr'>fuum</span> <span class='ocrx_word' id='word_1_108' title='bbox 407 1239 530 1302; x_wconf 66' lang='lat' dir='ltr'>judicium</span> <span class='ocrx_word' id='word_1_109' title='bbox 546 1241 682 1306; x_wconf 77' lang='lat' dir='ltr'>pronihilo</span> <span class='ocrx_word' id='word_1_110' title='bbox 694 1240 808 1292; x_wconf 83' lang='lat' dir='ltr'>habebat.</span> <span class='ocrx_word' id='word_1_111' title='bbox 843 1245 877 1292; x_wconf 89' lang='lat'>11-</span> 
     </span>
     <span class='ocr_line' id='line_1_16' title="bbox 134 1317 935 1387; baseline 0.005 -21"><span class='ocrx_word' id='word_1_112' title='bbox 134 1318 187 1366; x_wconf 91' lang='lat' dir='ltr'>lum</span> <span class='ocrx_word' id='word_1_113' title='bbox 206 1333 257 1369; x_wconf 88' lang='lat' dir='ltr'>non</span> <span class='ocrx_word' id='word_1_114' title='bbox 274 1320 348 1368; x_wconf 76' lang='lat' dir='ltr'>minae</span> <span class='ocrx_word' id='word_1_115' title='bbox 361 1319 445 1385; x_wconf 86' lang='lat' dir='ltr'>plebis,</span> <span class='ocrx_word' id='word_1_116' title='bbox 461 1335 513 1368; x_wconf 89' lang='lat' dir='ltr'>non</span> <span class='ocrx_word' id='word_1_117' title='bbox 532 1317 628 1368; x_wconf 80' lang='lat' dir='ltr'>senatus</span> <span class='ocrx_word' id='word_1_118' title='bbox 648 1333 731 1386; x_wconf 79' lang='lat' dir='ltr'>preces</span> <span class='ocrx_word' id='word_1_119' title='bbox 744 1321 880 1387; x_wconf 82' lang='lat' dir='ltr'>perpellere</span> <span class='ocrx_word' id='word_1_120' title='bbox 932 1347 935 1352; x_wconf 97' lang='lat'>·</span> 
     </span>
     <span class='ocr_line' id='line_1_17' title="bbox 102 1395 880 1463; baseline 0.006 -20"><span class='ocrx_word' id='word_1_121' title='bbox 102 1453 107 1461; x_wconf 95' lang='lat'><strong><em>.</em></strong></span> <span class='ocrx_word' id='word_1_122' title='bbox 135 1410 244 1459; x_wconf 81' lang='lat' dir='ltr'>unquam</span> <span class='ocrx_word' id='word_1_123' title='bbox 261 1407 371 1462; x_wconf 86' lang='lat' dir='ltr'>potuere,</span> <span class='ocrx_word' id='word_1_124' title='bbox 383 1412 433 1445; x_wconf 87' lang='lat' dir='ltr'>non</span> <span class='ocrx_word' id='word_1_125' title='bbox 452 1395 529 1446; x_wconf 81' lang='lat' dir='ltr'>modb</span> <span class='ocrx_word' id='word_1_126' title='bbox 540 1406 576 1445; x_wconf 67' lang='lat' dir='ltr'>&#39;ut</span> <span class='ocrx_word' id='word_1_127' title='bbox 594 1396 686 1448; x_wconf 75' lang='lat' dir='ltr'>vestem</span> <span class='ocrx_word' id='word_1_128' title='bbox 701 1405 819 1463; x_wconf 87' lang='lat' dir='ltr'>mutaret,</span> <span class='ocrx_word' id='word_1_129' title='bbox 836 1407 880 1448; x_wconf 87' lang='lat' dir='ltr'>aut</span> 
     </span>
     <span class='ocr_line' id='line_1_18' title="bbox 135 1470 897 1539; baseline 0 -18"><span class='ocrx_word' id='word_1_130' title='bbox 135 1470 237 1537; x_wconf 75' lang='lat' dir='ltr'>supplex</span> <span class='ocrx_word' id='word_1_131' title='bbox 248 1472 369 1539; x_wconf 83' lang='lat' dir='ltr'>prensaret</span> <span class='ocrx_word' id='word_1_132' title='bbox 380 1473 505 1533; x_wconf 84' lang='lat' dir='ltr'>homines;</span> <span class='ocrx_word' id='word_1_133' title='bbox 522 1471 562 1522; x_wconf 92' lang='lat' dir='ltr'>sed</span> <span class='ocrx_word' id='word_1_134' title='bbox 574 1487 606 1522; x_wconf 90' lang='lat' dir='ltr'>ne</span> <span class='ocrx_word' id='word_1_135' title='bbox 613 1483 642 1522; x_wconf 84' lang='lat' dir='ltr'>nr</span> <span class='ocrx_word' id='word_1_136' title='bbox 653 1488 685 1522; x_wconf 86' lang='lat' dir='ltr'>ex</span> <span class='ocrx_word' id='word_1_137' title='bbox 696 1474 811 1524; x_wconf 88' lang='lat' dir='ltr'>consueta</span> <span class='ocrx_word' id='word_1_138' title='bbox 823 1476 879 1539; x_wconf 84' lang='lat' dir='ltr'>qui.-</span> <span class='ocrx_word' id='word_1_139' title='bbox 893 1512 897 1521; x_wconf 39' lang='lat' dir='ltr'>t</span> 
     </span>
     <span class='ocr_line' id='line_1_19' title="bbox 76 1547 879 1616; baseline 0.009 -21"><span class='ocrx_word' id='word_1_140' title='bbox 76 1564 81 1586; x_wconf 58' lang='lat' dir='ltr'>r</span> <span class='ocrx_word' id='word_1_141' title='bbox 135 1547 192 1610; x_wconf 78' lang='lat' dir='ltr'>dem</span> <span class='ocrx_word' id='word_1_142' title='bbox 213 1547 341 1614; x_wconf 79' lang='lat' dir='ltr'>asperitate</span> <span class='ocrx_word' id='word_1_143' title='bbox 358 1550 480 1599; x_wconf 64' lang='lat' dir='ltr'>orationis</span> <span class='ocrx_word' id='word_1_144' title='bbox 496 1552 581 1615; x_wconf 85' lang='lat' dir='ltr'>(quum</span> <span class='ocrx_word' id='word_1_145' title='bbox 597 1549 633 1616; x_wconf 85' lang='lat' dir='ltr'>ad¹</span> <span class='ocrx_word' id='word_1_146' title='bbox 645 1550 765 1616; x_wconf 91' lang='lat' dir='ltr'>populum</span> <span class='ocrx_word' id='word_1_147' title='bbox 784 1551 879 1616; x_wconf 73' lang='lat' dir='ltr'>agenda</span> 
     </span>
     <span class='ocr_line' id='line_1_20' title="bbox 135 1624 878 1691; baseline 0.003 -15"><span class='ocrx_word' id='word_1_148' title='bbox 135 1625 206 1676; x_wconf 86' lang='lat' dir='ltr'>causa</span> <span class='ocrx_word' id='word_1_149' title='bbox 223 1624 289 1688; x_wconf 77' lang='lat' dir='ltr'>esset)</span> <span class='ocrx_word' id='word_1_150' title='bbox 305 1626 396 1691; x_wconf 82' lang='lat' dir='ltr'>aliquid</span> <span class='ocrx_word' id='word_1_151' title='bbox 412 1626 500 1674; x_wconf 82' lang='lat' dir='ltr'>leniret</span> <span class='ocrx_word' id='word_1_152' title='bbox 521 1635 595 1690; x_wconf 89' lang='lat' dir='ltr'>atque</span> <span class='ocrx_word' id='word_1_153' title='bbox 611 1624 772 1676; x_wconf 86' lang='lat' dir='ltr'>submitteret.</span> <span class='ocrx_word' id='word_1_154' title='bbox 807 1627 878 1679; x_wconf 84' lang='lat' dir='ltr'>Idem</span> 
     </span>
     <span class='ocr_line' id='line_1_21' title="bbox 135 1698 878 1766; baseline 0 -14"><span class='ocrx_word' id='word_1_155' title='bbox 135 1701 231 1752; x_wconf 80' lang='lat' dir='ltr'>habitus</span> <span class='ocrx_word' id='word_1_156' title='bbox 242 1704 299 1766; x_wconf 81' lang='lat' dir='ltr'>oris,</span> <span class='ocrx_word' id='word_1_157' title='bbox 317 1698 569 1753; x_wconf 81' lang='lat' dir='ltr'>eademcontumaeia</span> <span class='ocrx_word' id='word_1_158' title='bbox 580 1701 606 1750; x_wconf 88' lang='lat' dir='ltr'>in</span> <span class='ocrx_word' id='word_1_159' title='bbox 626 1702 706 1764; x_wconf 83' lang='lat' dir='ltr'>vultu,</span> <span class='ocrx_word' id='word_1_160' title='bbox 723 1702 790 1752; x_wconf 81' lang='lat' dir='ltr'>idem</span> <span class='ocrx_word' id='word_1_161' title='bbox 806 1703 837 1760; x_wconf 67' lang='lat' dir='ltr'>in,</span> <span class='ocrx_word' id='word_1_162' title='bbox 850 1718 878 1752; x_wconf 90' lang='lat' dir='ltr'>o·</span> 
     </span>
     <span class='ocr_line' id='line_1_22' title="bbox 134 1776 879 1849; baseline -0.001 -21"><span class='ocrx_word' id='word_1_163' title='bbox 134 1779 229 1832; x_wconf 89' lang='lat' dir='ltr'>ratione</span> <span class='ocrx_word' id='word_1_164' title='bbox 246 1777 342 1845; x_wconf 83' lang='lat' dir='ltr'>spiritus</span> <span class='ocrx_word' id='word_1_165' title='bbox 360 1786 428 1826; x_wconf 86' lang='lat' dir='ltr'>erat:</span> <span class='ocrx_word' id='word_1_166' title='bbox 446 1776 508 1825; x_wconf 80' lang='lat' dir='ltr'>adeo</span> <span class='ocrx_word' id='word_1_167' title='bbox 524 1787 555 1826; x_wconf 85' lang='lat' dir='ltr'>ut.</span> <span class='ocrx_word' id='word_1_168' title='bbox 568 1791 658 1849; x_wconf 64' lang='lat' dir='ltr'>magna</span> <span class='ocrx_word' id='word_1_169' title='bbox 670 1792 723 1842; x_wconf 80' lang='lat' dir='ltr'>pare</span> <span class='ocrx_word' id='word_1_170' title='bbox 736 1777 813 1843; x_wconf 89' lang='lat' dir='ltr'>plebis</span> <span class='ocrx_word' id='word_1_171' title='bbox 826 1783 879 1845; x_wconf 85' lang='lat' dir='ltr'>Ap-</span> 
     </span>
     <span class='ocr_line' id='line_1_23' title="bbox 134 1853 878 1922; baseline 0.001 -20"><span class='ocrx_word' id='word_1_172' title='bbox 134 1853 203 1922; x_wconf 80' lang='lat' dir='ltr'>pium</span> <span class='ocrx_word' id='word_1_173' title='bbox 214 1869 265 1903; x_wconf 88' lang='lat' dir='ltr'>non</span> <span class='ocrx_word' id='word_1_174' title='bbox 276 1855 360 1902; x_wconf 75' lang='lat' dir='ltr'>minuc</span> <span class='ocrx_word' id='word_1_175' title='bbox 370 1868 440 1902; x_wconf 88' lang='lat' dir='ltr'>reum</span> <span class='ocrx_word' id='word_1_176' title='bbox 450 1853 559 1914; x_wconf 64' lang='lat' dir='ltr'>timeret,</span> <span class='ocrx_word' id='word_1_177' title='bbox 568 1856 642 1916; x_wconf 74' lang='lat' dir='ltr'>quam</span> <span class='ocrx_word' id='word_1_178' title='bbox 652 1853 780 1902; x_wconf 86' lang='lat' dir='ltr'>consulem·</span> <span class='ocrx_word' id='word_1_179' title='bbox 789 1855 878 1903; x_wconf 82' lang='lat' dir='ltr'>timue·</span> 
     </span>
     <span class='ocr_line' id='line_1_24' title="bbox 132 1926 881 1996; baseline 0.001 -18"><span class='ocrx_word' id='word_1_180' title='bbox 132 1941 180 1983; x_wconf 84' lang='lat' dir='ltr'>rat.</span> <span class='ocrx_word' id='word_1_181' title='bbox 216 1929 296 1978; x_wconf 83' lang='lat' dir='ltr'>Semel</span> <span class='ocrx_word' id='word_1_182' title='bbox 314 1928 410 1996; x_wconf 88' lang='lat' dir='ltr'>causam</span> <span class='ocrx_word' id='word_1_183' title='bbox 430 1927 502 1989; x_wconf 77' lang='lat' dir='ltr'>dixit,</span> <span class='ocrx_word' id='word_1_184' title='bbox 526 1943 577 1991; x_wconf 91' lang='lat' dir='ltr'>quo</span> <span class='ocrx_word' id='word_1_185' title='bbox 597 1926 691 1992; x_wconf 84' lang='lat' dir='ltr'>semper</span> <span class='ocrx_word' id='word_1_186' title='bbox 709 1944 783 1993; x_wconf 20' lang='lat' dir='ltr'>agere!</span> <span class='ocrx_word' id='word_1_187' title='bbox 795 1932 881 1983; x_wconf 87' lang='lat' dir='ltr'>omnia</span> 
     </span>
     <span class='ocr_line' id='line_1_25' title="bbox 134 2002 881 2074; baseline 0 -18"><span class='ocrx_word' id='word_1_188' title='bbox 134 2006 219 2074; x_wconf 84' lang='lat' dir='ltr'>solitus</span> <span class='ocrx_word' id='word_1_189' title='bbox 239 2015 299 2068; x_wconf 89' lang='lat' dir='ltr'>erat,</span> <span class='ocrx_word' id='word_1_190' title='bbox 315 2003 468 2053; x_wconf 80' lang='lat' dir='ltr'>accusatorio</span> <span class='ocrx_word' id='word_1_191' title='bbox 487 2002 581 2067; x_wconf 87' lang='lat' dir='ltr'>spiritu.</span> <span class='ocrx_word' id='word_1_192' title='bbox 614 2002 727 2069; x_wconf 77' lang='lat' dir='ltr'>adeoque</span> <span class='ocrx_word' id='word_1_193' title='bbox 745 2006 881 2056; x_wconf 68' lang='lat' dir='ltr'>constantia</span> 
     </span>
    </p>
   </div>
   <div class='ocr_carea' id='block_1_3' title="bbox 92 2073 966 2150">
    <p class='ocr_par' dir='ltr' id='par_1_3' title="bbox 92 2073 966 2150">
     <span class='ocr_line' id='line_1_26' title="bbox 92 2073 966 2150; baseline -0.002 -16"><span class='ocrx_word' id='word_1_194' title='bbox 92 2073 104 2088; x_wconf 76' lang='grc'><strong>’</strong></span> <span class='ocrx_word' id='word_1_195' title='bbox 134 2082 176 2134; x_wconf 79' lang='lat' dir='ltr'>sual</span> <span class='ocrx_word' id='word_1_196' title='bbox 192 2082 217 2133; x_wconf 77' lang='grc' dir='ltr'>δι</span> <span class='ocrx_word' id='word_1_197' title='bbox 233 2081 346 2130; x_wconf 73' lang='lat' dir='ltr'>tribunos</span> <span class='ocrx_word' id='word_1_198' title='bbox 364 2077 524 2146; x_wconf 78' lang='lat' dir='ltr'>obstupefecit</span> <span class='ocrx_word' id='word_1_199' title='bbox 542 2078 567 2128; x_wconf 75' lang='lat' dir='ltr'>dt</span> <span class='ocrx_word' id='word_1_200' title='bbox 586 2078 691 2145; x_wconf 88' lang='lat' dir='ltr'>plebem,</span> <span class='ocrx_word' id='word_1_201' title='bbox 708 2090 737 2130; x_wconf 89' lang='lat' dir='ltr'>ut</span> <span class='ocrx_word' id='word_1_202' title='bbox 755 2081 820 2131; x_wconf 89' lang='lat' dir='ltr'>diem</span> <span class='ocrx_word' id='word_1_203' title='bbox 836 2082 880 2150; x_wconf 87' lang='lat' dir='ltr'>ipsi</span> <span class='ocrx_word' id='word_1_204' title='bbox 960 2114 966 2131; x_wconf 80' lang='grc'>.</span> 
     </span>
    </p>
   </div>
   <div class='ocr_carea' id='block_1_4' title="bbox 102 2155 881 2914">
    <p class='ocr_par' dir='ltr' id='par_1_4' title="bbox 102 2155 880 2762">
     <span class='ocr_line' id='line_1_27' title="bbox 135 2155 879 2224; baseline -0.003 -13"><span class='ocrx_word' id='word_1_205' title='bbox 135 2160 177 2211; x_wconf 68' lang='lat' dir='ltr'>sua</span> <span class='ocrx_word' id='word_1_206' title='bbox 193 2160 323 2210; x_wconf 83' lang='lat' dir='ltr'>voluntate</span> <span class='ocrx_word' id='word_1_207' title='bbox 341 2155 511 2224; x_wconf 84' lang='lat' dir='ltr'>prodicerent:</span> <span class='ocrx_word' id='word_1_208' title='bbox 528 2156 592 2205; x_wconf 88' lang='lat' dir='ltr'>trahi</span> <span class='ocrx_word' id='word_1_209' title='bbox 603 2155 691 2206; x_wconf 87' lang='lat' dir='ltr'>deinde</span> <span class='ocrx_word' id='word_1_210' title='bbox 702 2173 754 2208; x_wconf 87' lang='lat' dir='ltr'>tem</span> <span class='ocrx_word' id='word_1_211' title='bbox 765 2157 879 2210; x_wconf 81' lang='lat' dir='ltr'>fluerent.</span> 
     </span>
     <span class='ocr_line' id='line_1_28' title="bbox 135 2233 879 2305; baseline 0.004 -18"><span class='ocrx_word' id='word_1_212' title='bbox 135 2236 208 2305; x_wconf 76' lang='lat' dir='ltr'>Haud</span> <span class='ocrx_word' id='word_1_213' title='bbox 220 2238 254 2286; x_wconf 89' lang='lat' dir='ltr'>ita</span> <span class='ocrx_word' id='word_1_214' title='bbox 270 2236 375 2285; x_wconf 87' lang='lat' dir='ltr'>multum</span> <span class='ocrx_word' id='word_1_215' title='bbox 387 2233 485 2283; x_wconf 84' lang='lat' dir='ltr'>interim</span> <span class='ocrx_word' id='word_1_216' title='bbox 497 2234 613 2301; x_wconf 79' lang='lat' dir='ltr'>temporis</span> <span class='ocrx_word' id='word_1_217' title='bbox 629 2233 686 2284; x_wconf 87' lang='lat' dir='ltr'>suit.</span> <span class='ocrx_word' id='word_1_218' title='bbox 720 2239 776 2287; x_wconf 73' lang='lat' dir='ltr'>anti</span> <span class='ocrx_word' id='word_1_219' title='bbox 787 2247 879 2302; x_wconf 82' lang='lat' dir='ltr'>tamen,</span> 
     </span>
     <span class='ocr_line' id='line_1_29' title="bbox 135 2308 880 2379; baseline 0.003 -16"><span class='ocrx_word' id='word_1_220' title='bbox 135 2320 209 2378; x_wconf 77' lang='lat' dir='ltr'>quam</span> <span class='ocrx_word' id='word_1_221' title='bbox 227 2314 337 2379; x_wconf 77' lang='lat' dir='ltr'>proditia</span> <span class='ocrx_word' id='word_1_222' title='bbox 353 2314 406 2363; x_wconf 82' lang='lat' dir='ltr'>dies</span> <span class='ocrx_word' id='word_1_223' title='bbox 424 2312 528 2376; x_wconf 86' lang='lat' dir='ltr'>veniret,</span> <span class='ocrx_word' id='word_1_224' title='bbox 554 2308 643 2365; x_wconf 84' lang='lat' dir='ltr'>morbo</span> <span class='ocrx_word' id='word_1_225' title='bbox 662 2315 776 2369; x_wconf 73' lang='lat' dir='ltr'>motion.</span> <span class='ocrx_word' id='word_1_226' title='bbox 810 2318 880 2379; x_wconf 70' lang='lat' dir='ltr'>cujus</span> 
     </span>
     <span class='ocr_line' id='line_1_30' title="bbox 136 2388 880 2458; baseline 0.007 -21"><span class='ocrx_word' id='word_1_227' title='bbox 136 2404 213 2455; x_wconf 90' lang='lat' dir='ltr'>quum</span> <span class='ocrx_word' id='word_1_228' title='bbox 230 2391 396 2440; x_wconf 83' lang='lat' dir='ltr'>laudationem</span> <span class='ocrx_word' id='word_1_229' title='bbox 404 2389 495 2438; x_wconf 86' lang='lat' dir='ltr'>tribuni</span> <span class='ocrx_word' id='word_1_230' title='bbox 507 2388 585 2458; x_wconf 82' lang='lat' dir='ltr'>plebia</span> <span class='ocrx_word' id='word_1_231' title='bbox 595 2390 713 2458; x_wconf 84' lang='lat' dir='ltr'>impedire</span> <span class='ocrx_word' id='word_1_232' title='bbox 724 2404 880 2455; x_wconf 62' lang='lat' dir='ltr'>conarentur,</span> 
     </span>
     <span class='ocr_line' id='line_1_31' title="bbox 135 2464 879 2535; baseline 0.004 -21"><span class='ocrx_word' id='word_1_233' title='bbox 135 2465 204 2535; x_wconf 84' lang='lat' dir='ltr'>plebs</span> <span class='ocrx_word' id='word_1_234' title='bbox 212 2464 316 2516; x_wconf 86' lang='lat' dir='ltr'>fraudari</span> <span class='ocrx_word' id='word_1_235' title='bbox 327 2466 419 2516; x_wconf 80' lang='lat' dir='ltr'>solenni</span> <span class='ocrx_word' id='word_1_236' title='bbox 431 2466 525 2515; x_wconf 83' lang='lat' dir='ltr'>honore</span> <span class='ocrx_word' id='word_1_237' title='bbox 536 2465 676 2531; x_wconf 87' lang='lat' dir='ltr'>supremum</span> <span class='ocrx_word' id='word_1_238' title='bbox 687 2467 752 2518; x_wconf 88' lang='lat' dir='ltr'>diem</span> <span class='ocrx_word' id='word_1_239' title='bbox 765 2470 827 2517; x_wconf 88' lang='lat' dir='ltr'>tanti</span> <span class='ocrx_word' id='word_1_240' title='bbox 838 2470 879 2517; x_wconf 85' lang='lat' dir='ltr'>vi-</span> 
     </span>
     <span class='ocr_line' id='line_1_32' title="bbox 136 2542 879 2608; baseline 0.003 -16"><span class='ocrx_word' id='word_1_241' title='bbox 136 2543 158 2592; x_wconf 85' lang='lat' dir='ltr'>ri</span> <span class='ocrx_word' id='word_1_242' title='bbox 174 2542 265 2604; x_wconf 89' lang='lat' dir='ltr'>noluit,</span> <span class='ocrx_word' id='word_1_243' title='bbox 282 2543 307 2592; x_wconf 77' lang='lat' dir='ltr'>dt</span> <span class='ocrx_word' id='word_1_244' title='bbox 325 2543 490 2592; x_wconf 80' lang='lat' dir='ltr'>laudationem</span> <span class='ocrx_word' id='word_1_245' title='bbox 509 2551 560 2590; x_wconf 84' lang='lat' dir='ltr'>tam</span> <span class='ocrx_word' id='word_1_246' title='bbox 577 2544 658 2608; x_wconf 84' lang='lat' dir='ltr'>aequis</span> <span class='ocrx_word' id='word_1_247' title='bbox 667 2543 767 2591; x_wconf 86' lang='lat' dir='ltr'>auribus</span> <span class='ocrx_word' id='word_1_248' title='bbox 786 2544 879 2595; x_wconf 87' lang='lat' dir='ltr'>mortui</span> 
     </span>
     <span class='ocr_line' id='line_1_33' title="bbox 102 2612 880 2682; baseline 0 -16"><span class='ocrx_word' id='word_1_249' title='bbox 102 2616 106 2620; x_wconf 83' lang='grc'><strong>’</strong></span> <span class='ocrx_word' id='word_1_250' title='bbox 134 2615 241 2679; x_wconf 82' lang='lat' dir='ltr'>audivit,</span> <span class='ocrx_word' id='word_1_251' title='bbox 258 2631 331 2682; x_wconf 84' lang='lat' dir='ltr'>quam</span> <span class='ocrx_word' id='word_1_252' title='bbox 351 2616 407 2665; x_wconf 91' lang='lat' dir='ltr'>vivi</span> <span class='ocrx_word' id='word_1_253' title='bbox 426 2612 607 2667; x_wconf 82' lang='lat' dir='ltr'>accusationem</span> <span class='ocrx_word' id='word_1_254' title='bbox 624 2617 750 2676; x_wconf 62' lang='lat' dir='ltr'>audieram</span> <span class='ocrx_word' id='word_1_255' title='bbox 766 2617 791 2666; x_wconf 90' lang='lat'>&amp;</span> <span class='ocrx_word' id='word_1_256' title='bbox 811 2614 880 2667; x_wconf 82' lang='lat' dir='ltr'>exse</span> 
     </span>
     <span class='ocr_line' id='line_1_34' title="bbox 135 2693 489 2762; baseline -0.003 -20"><span class='ocrx_word' id='word_1_257' title='bbox 135 2693 205 2762; x_wconf 75' lang='lat' dir='ltr'>quiae</span> <span class='ocrx_word' id='word_1_258' title='bbox 222 2693 335 2759; x_wconf 80' lang='lat' dir='ltr'>frequens</span> <span class='ocrx_word' id='word_1_259' title='bbox 345 2693 489 2743; x_wconf 83' lang='lat' dir='ltr'>celebravit.</span> 
     </span>
    </p>

    <p class='ocr_par' dir='ltr' id='par_1_5' title="bbox 137 2768 881 2914">
     <span class='ocr_line' id='line_1_35' title="bbox 170 2768 881 2838; baseline 0.001 -19"><span class='ocrx_word' id='word_1_260' title='bbox 170 2773 254 2820; x_wconf 63' lang='grc' dir='ltr'>[ΧΗ.</span> <span class='ocrx_word' id='word_1_261' title='bbox 272 2770 366 2838; x_wconf 77' lang='lat' dir='ltr'>Eodem</span> <span class='ocrx_word' id='word_1_262' title='bbox 384 2785 450 2819; x_wconf 90' lang='lat' dir='ltr'>anno</span> <span class='ocrx_word' id='word_1_263' title='bbox 467 2768 579 2819; x_wconf 80' lang='lat' dir='ltr'>Valerius</span> <span class='ocrx_word' id='word_1_264' title='bbox 590 2771 683 2831; x_wconf 90' lang='lat' dir='ltr'>consul</span> <span class='ocrx_word' id='word_1_265' title='bbox 700 2783 758 2818; x_wconf 90' lang='lat' dir='ltr'>cum</span> <span class='ocrx_word' id='word_1_266' title='bbox 769 2769 881 2820; x_wconf 81' lang='lat' dir='ltr'>exercitu</span> 
     </span>
     <span class='ocr_line' id='line_1_36' title="bbox 137 2834 881 2914; baseline -0.001 -16"><span class='ocrx_word' id='word_1_267' title='bbox 137 2847 166 2898; x_wconf 86' lang='lat' dir='ltr'>in</span> <span class='ocrx_word' id='word_1_268' title='bbox 176 2849 267 2912; x_wconf 80' lang='lat' dir='ltr'>AEquoa</span> <span class='ocrx_word' id='word_1_269' title='bbox 277 2834 408 2914; x_wconf 76' lang='lat' dir='ltr'>proseslus,</span> <span class='ocrx_word' id='word_1_270' title='bbox 425 2859 502 2909; x_wconf 92' lang='lat' dir='ltr'>quum</span> <span class='ocrx_word' id='word_1_271' title='bbox 513 2846 606 2895; x_wconf 86' lang='lat' dir='ltr'>hostem</span> <span class='ocrx_word' id='word_1_272' title='bbox 622 2847 653 2896; x_wconf 90' lang='lat' dir='ltr'>ad</span> <span class='ocrx_word' id='word_1_273' title='bbox 664 2845 775 2912; x_wconf 85' lang='lat' dir='ltr'>proelium</span> <span class='ocrx_word' id='word_1_274' title='bbox 793 2846 881 2898; x_wconf 78' lang='lat' dir='ltr'>elicere</span> 
     </span>
    </p>
   </div>
   <div class='ocr_carea' id='block_1_5' title="bbox 137 2920 882 3050">
    <p class='ocr_par' dir='ltr' id='par_1_6' title="bbox 137 2920 882 3050">
     <span class='ocr_line' id='line_1_37' title="bbox 137 2920 882 3050; baseline -0.001 -74"><span class='ocrx_word' id='word_1_275' title='bbox 137 2935 189 2976; x_wconf 85' lang='lat' dir='ltr'>non</span> <span class='ocrx_word' id='word_1_276' title='bbox 202 2923 286 2991; x_wconf 79' lang='lat' dir='ltr'>posset,</span> <span class='ocrx_word' id='word_1_277' title='bbox 303 2923 378 2976; x_wconf 82' lang='lat' dir='ltr'>castra</span> <span class='ocrx_word' id='word_1_278' title='bbox 395 2934 537 2994; x_wconf 76' lang='lat' dir='ltr'>oppugnare</span> <span class='ocrx_word' id='word_1_279' title='bbox 556 2921 589 2970; x_wconf 86' lang='lat' dir='ltr'>cst</span> <span class='ocrx_word' id='word_1_280' title='bbox 608 2920 716 2971; x_wconf 87' lang='lat' dir='ltr'>adortus.</span> <span class='ocrx_word' id='word_1_281' title='bbox 749 2922 882 3050; x_wconf 59' lang='lat' dir='ltr'>Prohproetpt</span> 
     </span>
     <span class='ocr_line' id='line_1_38' title="bbox 865 3011 881 3049; baseline 0 0"><span class='ocrx_word' id='word_1_282' title='bbox 865 3011 881 3049; x_wconf 90' lang='lat' dir='ltr'>a</span> 
     </span>
    </p>
   </div>
   <div class='ocr_carea' id='block_1_6' title="bbox 0 0 990 3660">
    <p class='ocr_par' dir='ltr' id='par_1_7' title="bbox 0 0 990 3660">
     <span class='ocr_line' id='line_1_39' title="bbox 0 0 990 3660; baseline 0 0"><span class='ocrx_word' id='word_1_283' title='bbox 0 0 990 3660; x_wconf 95' lang='lat' dir='ltr'> </span> 
     </span>
    </p>
   </div>
  </div>
 </body>
</html>
