1964 3660
146 198 195 258 296
400 195 435 246 T.
469 196 564 247 LIV
582 194 625 246 11

144 295 208 349 rent,
222 281 349 347 indignum
361 285 414 334 Diis
426 284 508 334 visum
524 285 630 334 honores
645 284 750 350 vulgari,
769 283 889 336 discrimi-

145 376 224 425 naque
238 362 348 424 gentium
366 359 493 426 confundi.
529 362 693 425 Praeterquam
703 362 834 430 ¹majestate
844 375 889 428 pse

144 437 258 499 rentium,
275 436 393 499 religione
405 432 479 485 etiarn
490 435 591 484 attoniti
603 437 713 486 homines
729 437 847 502 patricios
860 452 889 486 o·

145 526 222 574 mnes,
240 521 332 578 partem
346 527 461 574 magnam
473 511 683 561 honoratill'unum
699 528 828 578 quemque,
846 511 891 562 tri·

144 587 224 646 bunos
236 588 343 636 militum
354 587 475 644 consulati
486 587 605 653 potestate
614 603 737 654 creavere,
748 591 781 637 L.
794 587 891 638 Valeri·

145 681 189 715 um
207 667 316 715 Potitum
336 667 459 730 quintum,
477 667 516 713 M.
535 665 662 715 Valerium
680 667 832 731 Maximum,
848 668 889 716 M.

146 743 248 793 Furium
270 742 401 792 camillum
419 741 529 803 tertium,
547 744 578 790 L.
600 743 702 793 Furium
724 743 891 806 Medullinum

144 819 255 882 tertium,
272 822 306 882 Q.
319 814 449 866 servilium
464 814 606 866 Fidenatem
621 818 719 883 iterum,
738 823 772 884 Q.
782 819 890 887 sulpiei·
936 839 938 843 ¹

145 909 188 944 um
201 896 355 944 Camerinum
373 895 471 942 iterum.
505 891 550 942 His
567 893 671 945 tribunis
690 893 720 944 ad
732 895 809 958 Vejos
826 895 890 946 nihil

145 972 280 1023 admodum
290 971 448 1022 memorabile
460 969 541 1019 astum
552 971 594 1020 ell.
611 982 664 1022 tota
677 973 716 1021 vis
727 972 754 1021 iu
764 972 890 1040 populati·

147 1053 236 1102 onibus
253 1051 310 1101 suit.
344 1053 403 1098 Duo
416 1046 509 1097 summi
526 1049 692 1114 imperatores,
709 1051 831 1100 Potitusa
842 1051 889 1100 Fa·

145 1131 220 1193 leriir,
239 1128 355 1178 Camillus
366 1132 380 1175 a
394 1131 501 1194 Capena¹
519 1124 610 1191 praedas
621 1127 732 1191 ingentes
743 1143 823 1192 egere,
835 1123 891 1177 nul·

144 1207 169 1258 la
181 1205 299 1255 incolumi
311 1201 392 1252 relidi
401 1217 435 1264 re,
452 1188 566 1250 cuiierro
574 1211 617 1250 aut
628 1201 680 1266 igni
692 1204 775 1252 noceri
786 1203 875 1270 posset.

181 1285 240 1331 XV.
259 1280 373 1344 Prodigia
385 1279 482 1327 interim
494 1277 571 1326 multa
582 1280 693 1329 nunciari
700 1298 708 1340 ;
724 1295 830 1346 quorum
838 1279 890 1346 ple·

140 1366 230 1423 reque,
248 1357 273 1406 ἃ
292 1358 350 1423 quia
367 1354 452 1419 tingui
469 1347 579 1402 auderes
596 1365 673 1420 erant,
696 1354 784 1422 paruin
795 1356 892 1407 credita

90 1462 93 1469 -
146 1432 286 1501 spretaque,
303 1432 403 1496 &quia
420 1428 528 1479 hostibus
538 1428 653 1494 Etruscis,
669 1446 712 1497 per
722 1446 784 1499 quos
794 1419 892 1500 eapro-

148 1521 270 1574 eurarent,
287 1509 410 1578 aruspices
425 1521 477 1557 non
488 1516 565 1556 erant.
599 1507 625 1556 in
635 1522 714 1558 unum
725 1507 837 1560 omnium
847 1524 908 1561 eut

146 1604 180 1642 rae
189 1587 264 1639 versa
279 1588 343 1652 sunt,
359 1584 424 1654 quod
439 1586 504 1635 lacus
516 1584 541 1634 in
554 1584 653 1636 Albano
665 1598 766 1638 nemore
777 1588 826 1638 line
834 1586 892 1638 ullis

147 1665 282 1718 celestibus
293 1664 371 1731 aquis,
387 1661 495 1714 causave
505 1677 554 1727 qua
564 1661 621 1726 alia,
638 1677 693 1729 qua
703 1679 755 1715 rem
769 1664 892 1720 mbaculo

134 1746 277 1806 ‘eximereu
294 1744 320 1793 in
337 1739 492 1793 altitudinem
506 1740 631 1793 insolitam
642 1742 731 1792 crevit.
764 1742 892 1807 Quidnam

146 1836 179 1872 eo
190 1823 234 1872 Dii
245 1819 419 1888 portenderent
432 1818 556 1887 prodigio,
572 1816 635 1868 miili
648 1817 796 1869 sciscitamur
807 1828 892 1869 orato»

136 1912 184 1970 xree
195 1899 226 1950 ad
238 1898 386 1967 Delphicum
397 1899 540 1948 oraculum:
557 1895 597 1946 sed
609 1897 712 1964 propior
725 1897 843 1964 interpres
853 1895 892 1946 sa·

146 1968 178 2030 iis
187 1977 284 2027 oblatus
292 1975 375 2027 senior
381 1973 482 2042 quidam
490 1972 590 2037 Vejens,
607 1973 658 2038 qui,
675 1975 740 2023 inter
750 1971 893 2023 cauillantes

147 2053 329 2111 inflationibus
345 2067 375 2102 ac
391 2050 506 2100 custodiis
521 2050 611 2100 milites
628 2053 755 2100 Romanor
765 2047 892 2100 Etmscos·

147 2145 205 2196 que,
222 2131 379 2180 vaticinantis
395 2129 421 2177 in
437 2127 540 2177 modum
556 2127 654 2188 cecinit,
671 2116 799 2193 Piiusquara
809 2144 836 2178 ex
846 2126 895 2176 heu

147 2206 233 2259 Albano
243 2222 297 2271 aqua
317 2203 388 2267 emiffiu
398 2205 468 2267 foret,
485 2218 589 2267 nunquam
602 2203 722 2266 potiturum
736 2204 796 2265 Vejis
810 2206 893 2256 Romo·

146 2298 205 2331 raam.
231 2281 306 2343 Quod
319 2280 408 2347 primo,
414 2279 484 2327 velut
495 2289 586 2326 temere
593 2276 696 2340 jasium,
708 2278 796 2342 sperni,
805 2280 896 2343 agitari

146 2355 234 2408 deinde
246 2355 397 2405 sermonibus
410 2365 518 2420 eoepturn
529 2353 575 2415 ell3
593 2354 672 2402 donec
686 2370 749 2403 unus
761 2369 794 2404 ex
807 2356 891 2406 statio·

145 2449 177 2485 ne
200 2435 313 2482 Romana
340 2430 509 2499 percunctatur
531 2431 675 2496 proximum
698 2430 891 2498 oppidanorum,

111 2527 116 2532 ·
145 2513 206 2579 (jam
227 2527 270 2579 per
289 2511 494 2576 longinquitatem
511 2509 569 2558 belli
586 2510 738 2561 commercio
751 2510 892 2560 sermonum

146 2589 229 2653 fabiol
238 2589 349 2656 quisnam
366 2589 386 2636 is
400 2586 466 2651 esset,
482 2587 525 2652 qui
534 2602 578 2653 per
586 2584 702 2652 ambages
710 2587 740 2637 de
750 2588 806 2637 lacu
818 2589 892 2637 Alba-

139 2684 181 2720 'no
191 2668 300 2731 jaceret?
321 2665 447 2732 postquam
457 2664 554 2716 audivit
563 2664 700 2732 aruspicem
708 2663 762 2728 esse,
774 2666 816 2714 vir
826 2665 892 2716 haud

147 2743 232 2797 intaiii
251 2744 370 2808 religione
390 2742 476 2806 animi,
497 2741 607 2792 causatus
624 2745 654 2792 dc
672 2743 764 2809 privati
783 2742 893 2810 portenti

146 2823 329 2893 procuratione,
353 2820 369 2870 ti
389 2835 470 2887 opera
488 2821 524 2870 illl
543 2819 609 2884 essct,
627 2821 752 2870 consulere
772 2819 843 2882 velle,
860 2817 892 2869 a'd

146 2900 300 2964 colloquium
318 2908 402 2947 vatem
418 2898 512 2947 clicuit.
548 2903 680 2964 Quumque
691 2897 806 2964 progrelli
817 2897 893 2948 ambu'

145 2981 161 3032 d
172 2977 219 3031 suis
230 2977 327 3044 longius
336 2976 529 3045 circuitiones,
539 2976 587 3028 sure
596 2975 648 3032 uilo
655 2986 724 3031 metu
732 2972 749 3039 ς4
757 2974 892 3058 pluralem

196 3076 203 3083 ·
789 3060 892 3114 juventu
937 3100 942 3110 ,
