1964 3660
191 220 240 281 264
447 215 484 266 Τ.
518 215 541 266 L
558 216 572 266 1
588 219 613 266 V
631 216 644 266 1
662 217 680 266 t·

189 307 234 356 sies
247 305 317 367 novi,
334 313 422 371 practer
433 305 536 354 Volscos
549 305 617 354 velut
628 304 693 354 sorte
709 302 813 370 quidam
822 301 938 373 propelli

117 443 119 447 ἵ
190 393 307 431 eternum
318 380 457 431 exercendo
468 385 581 432 Romano
593 382 668 431 militi
683 380 761 444 datos,
780 382 938 448 Circejosque

190 458 215 508 Bt
228 458 333 506 Velitras
351 457 460 507 colonias
475 457 570 521 jamdiu
584 458 713 507 molientes
723 457 894 522 desedionem,
912 459 938 509 ἃ

189 532 326 599 suspedium
344 535 452 595 Latium,
479 535 605 584 Lanuuini
619 536 703 597 etiam,
731 550 785 599 quae
800 534 938 584 fidelissima
975 559 980 570 ι

88 669 96 683 l
188 610 246 658 urbs
257 609 345 671 suerat,
360 609 445 657 subitd
455 611 547 659 exorti.
583 608 612 658 Id
627 612 708 659 Patres
726 611 772 658 rati
792 620 938 676 contemptu

188 684 306 747 accidere,
324 685 389 749 qudd
399 684 531 734 Veliternis
541 685 638 733 civibus
652 684 698 734 suis
706 684 802 734 tamdiu
815 686 939 752 impunita

189 761 294 812 desesiio
307 762 373 824 esset,
390 761 560 824 decreverunt,
577 772 605 810 ut
617 763 697 827 primo
713 778 812 827 quoque
824 773 938 828 tempore

88 838 91 844 ’
188 839 220 888 ad
235 840 355 905 populum
367 840 471 889 serretur
488 839 518 888 de
536 839 599 888 bello
612 840 646 887 eis
662 838 801 889 indicendo.
820 838 939 904 adquam

188 916 305 966 militiam
317 933 368 981 quo
380 918 489 982 paratior
500 917 582 983 plebea
593 913 659 979 esset,
673 917 849 981 quinqueviros
861 920 938 972 Potn-

189 993 261 1058 ptino
277 1007 338 1055 agro
352 991 496 1054 dividendo,
514 993 701 1043 &triumviros
720 995 815 1058 Nepete
832 993 939 1044 coloniae

189 1069 336 1120 deducenda
347 1080 503 1120 creaverunt.
538 1073 616 1135 Turn,
633 1081 661 1120 ut
672 1071 763 1120 bellum
772 1071 894 1134 juberent,
904 1072 939 1120 la·

189 1155 242 1196 tum
260 1146 291 1195 ad
308 1147 428 1213 populum
448 1146 495 1195 esi:
513 1147 548 1210 dc,
565 1147 726 1213 nequicquam
746 1145 939 1198 dissuadentibua

189 1222 293 1270 tribunis
305 1221 389 1287 plebis,
403 1237 492 1272 ornnes
501 1223 578 1272 tribua
587 1220 678 1272 bellum'
687 1222 814 1285 jusserunt.
850 1227 938 1291 Appa-

188 1309 271 1348 ratum
282 1313 313 1348 eo
322 1314 387 1348 anno
396 1298 487 1348 bellum
496 1298 544 1360 esl;
562 1301 684 1359 exercitus
693 1310 794 1366 propter
804 1300 938 1367 pestilenti-

189 1391 230 1424 am
241 1391 292 1424 non
303 1374 410 1424 edusius.
437 1391 514 1441 eaque
531 1375 654 1426 cundatio
664 1377 758 1426 colonis
776 1377 882 1444 spatium
893 1376 938 1427 de-

188 1450 259 1501 derat
274 1452 420 1518 deprecandi
438 1451 548 1501 senatum
557 1471 565 1512 ς
582 1454 607 1502 dc
625 1468 715 1516 magna
734 1455 863 1504 hominum
879 1460 939 1521 pare

189 1534 227 1593 ed,
246 1541 274 1578 ut
285 1531 376 1593 legatio
388 1529 491 1596 supplex
503 1532 609 1579 Romam
620 1531 766 1599 mitteretur,
783 1533 937 1584 inclinabat:

188 1609 215 1658 ni
227 1609 326 1673 privato
344 1607 382 1670 (ut
393 1606 430 1671 fit)
446 1607 554 1673 periculo
567 1606 694 1673 publicum
706 1610 853 1675 implicitum
870 1609 937 1674 esset,

189 1684 346 1750 ausloresque
358 1683 500 1734 desertionis
512 1683 543 1732 ab
556 1686 682 1750 Romanis,
698 1697 766 1736 metu
778 1703 817 1750 ne,
834 1685 879 1735 soli
891 1689 938 1736 cri·

189 1764 251 1812 mini
263 1761 371 1826 subjesti,
390 1762 486 1830 piacula
502 1762 544 1811 irae
556 1764 724 1816 Romanorum
736 1763 890 1827 dederentur,
908 1780 937 1813 a·

189 1839 316 1890 vertissent
327 1841 436 1888 colonias
453 1844 468 1888 a
487 1837 591 1889 confiliis
603 1841 678 1906 pacis.
713 1843 800 1907 Neque
810 1844 836 1891 in
848 1843 937 1892 senatu

189 1917 270 1967 solum
283 1933 326 1984 per
340 1933 382 1966 eos
392 1916 483 1979 legatio
492 1914 610 1982 impedita
620 1917 662 1979 ess,
671 1915 711 1966 sed
723 1932 812 1983 magna
821 1933 876 1985 pars
882 1920 937 1986 ple·

189 1993 227 2043 bis
239 1993 348 2055 incitata,
358 2002 386 2041 ut
399 1990 533 2058 praedatum
545 1993 571 2040 in
582 2007 669 2055 agrum
678 1995 819 2043 Romanum
828 1995 938 2046 exirent.

189 2072 241 2121 lraec
257 2087 324 2120 nova
339 2069 432 2133 injuria
443 2068 587 2119 exturbavit
598 2084 697 2118 omnem
709 2070 775 2136 spem
786 2073 860 2138 pacis.
896 2076 939 2123 De

189 2149 391 2197 Praenestinorum
404 2161 502 2210 qunque
516 2143 651 2195 deseffione
663 2160 693 2194 eo
705 2162 770 2198 anno
779 2150 886 2214 primurn
898 2149 938 2200 sa-

188 2241 230 2274 ma
243 2234 342 2274 exorta:
361 2223 568 2289 arguentibusque
585 2239 627 2272 eos
645 2223 799 2286 Tusculanis,
816 2225 842 2272 8<
855 2227 938 2277 Gabi.

189 2302 235 2363 nis,
253 2301 277 2350 dt
290 2300 430 2363 Lauicanis,
447 2315 554 2367 quorum
564 2301 591 2349 in
602 2299 662 2348 sines
671 2299 819 2349 incursatum
828 2314 889 2365 erat,
901 2305 940 2355 ita

189 2376 283 2445 placide
299 2377 331 2424 ab
347 2376 433 2426 senatu
451 2375 593 2445 responsum
609 2374 651 2438 est,
676 2387 704 2426 ut
720 2378 801 2426 minua
818 2377 886 2428 credi
904 2382 938 2432 de

188 2454 341 2516 criminibus,
359 2457 417 2519 quia
427 2456 521 2505 nollent
531 2468 629 2504 cavera
640 2453 695 2520 effe,
712 2466 850 2520 appareret.

223 2535 310 2581 XXII.
329 2531 469 2598 Insequenti
482 2537 600 2599 anno'Sp.
616 2533 641 2582 dt
653 2534 684 2581 1..
701 2533 800 2600 Papirii,
817 2534 936 2587 novitri-

188 2611 250 2662 buni
259 2609 364 2658 militum
380 2608 500 2659 consulati
512 2610 638 2676 potestate,
656 2611 761 2660 Velitras
772 2611 880 2674 legiones
889 2614 937 2664 du-

188 2703 249 2739 xere
256 2707 262 2748 ;
274 2694 380 2752 quatuor
389 2687 489 2750 collegis
501 2693 550 2736 Ser.
563 2687 680 2751 Cornelio
688 2688 856 2752 Maluginense
865 2706 938 2756 quar-

189 2770 251 2828 tum,
270 2771 304 2830 Q.
320 2764 432 2827 Servilio,
450 2769 500 2814 Ser.
516 2766 632 2831 Sulpicio,
649 2767 681 2814 L.
694 2766 796 2815 AEmilio
810 2773 936 2834 quartum,

189 2844 294 2895 tribunis
305 2841 335 2890 ad
352 2841 485 2907 praesidium
498 2842 573 2906 urbis,
591 2842 699 2910 &siqui
712 2859 744 2893 ex
762 2846 859 2895 Etruria
871 2849 936 2898 novi

188 2931 272 2972 motus
284 2921 465 2983 nunciarentur,
482 2922 576 2983 (omnia
587 2923 653 2971 enim
665 2920 722 2970 inde
733 2920 840 2990 suspessa
854 2927 936 2990 erant)

188 2995 285 3051 relidit.
320 2993 361 3049 nd
380 2996 485 3053 Velitras
507 2996 623 3052 aduersut
638 2996 736 3064 majora
756 3003 818 3069 pene
839 3001 934 3051 emilia

190 3100 193 3105 ·
864 3077 931 3136 Ρω-
