1964 3660
155 189 207 252 *34
417 182 646 238 T.·LIVII'

152 278 218 330 soeda
237 277 368 346 tempesias,
386 291 441 327 cunr
455 270 572 340 grandine
583 289 612 322 ac
629 271 761 322 tonitribus
778 273 839 326 coelo
853 271 898 324 d'e-

149 356 223 419 jesta.
259 355 454 404 Admirationem
465 352 552 402 deinde
563 344 641 414 auxit,
658 351 725 414 signo
734 353 842 418 receptui
854 352 899 400 da-

153 441 190 494 to,
208 431 269 480 adeo
280 431 409 497 tranquilla
426 427 540 478 serenitas
554 426 662 477 reddita:
680 438 716 491 ut,
734 427 803 476 velut
814 427 897 477 numi-

153 519 186 556 ne
202 509 285 572 aliquo
297 506 392 556 defensa
405 505 479 554 casira
490 519 631 571 oppugnare
646 504 742 566 itemm,
759 504 846 567 religio
858 503 902 552 fu·
921 539 924 543 .

153 583 209 633 etit.
227 583 353 632 omnisira
364 582 420 631 belli
431 582 461 631 ad
473 580 659 647 populationem
669 580 722 644 agri
733 581 817 629 vertit.
835 638 840 646 „
852 580 898 629 Al-

153 669 192 708 ter
210 660 294 709 consul
314 661 429 709 AEmilius
442 659 468 707 in
488 657 582 706 Sabinis
600 657 691 706 bellum
705 656 781 721 gessit.
816 657 841 706 δε
852 657 898 722 ibi,

153 738 211 800 quia
223 737 295 786 hostis
304 737 426 786 moenibus
441 733 464 782 se
476 734 582 796 tenebat,
600 733 686 782 vallati
702 733 755 796 agri
772 729 835 780 sunt.
855 735 906 782 In-

153 812 244 862 tendiis
261 810 357 876 deinde,
374 827 425 861 non
443 811 559 860 villarum
572 808 655 870 modo,
672 807 713 857 sed
732 807 807 857 etiam
825 809 908 856 vico-⁴

154 903 218 950 rum,
246 887 334 952 quibus
354 887 495 953 frequenter
515 883 679 946 habitabatur,
707 884 788 932 Sabini
810 882 897 947 exciti,

153 971 230 1028 quum
253 961 428 1029 predatoribus
451 959 615 1025 occurrissent,
631 960 733 1026 ancipiti
754 959 839 1026 proelio
859 959 909 1007 di-.

152 1039 229 1104 gressi,
247 1041 343 1106 postero
362 1040 401 1089 die
415 1040 518 1090 retulere
537 1037 612 1086 castra
629 1037 655 1086 in
667 1037 758 1093 tutiora
769 1037 832 1086 loca.
866 1035 899 1086 Id

152 1115 209 1165 satis
225 1116 317 1166 consuli
330 1117 419 1181 visum,
437 1132 480 1164 cur
497 1130 543 1182 pro
553 1113 621 1164 visto
634 1112 784 1180 'relinqueret
794 1113 897 1180 hostem,

154 1192 252 1255 integro
264 1191 321 1239 inde
332 1192 448 1240 decedens
460 1190 533 1239 bello.

186 1270 284 1316 LXIII.
302 1269 370 1316 Inter
388 1269 439 1317 haec
458 1266 529 1328 bella,
546 1275 660 1315 manente
679 1262 799 1313 discordis
817 1262 895 1330 domi,

153 1344 189 1392 T.
203 1343 331 1391 Numicius
344 1343 442 1405 Priscus,
453 1347 484 1391 A.
497 1341 623 1405 Virginius
635 1338 744 1390 consules
752 1339 817 1388 fatti.
831 1343 906 1398 ,Non

153 1420 216 1467 ultra
226 1418 358 1469 videbatur
372 1420 450 1468 latura
461 1419 542 1486 plebes
552 1418 695 1468 dilationem
709 1418 810 1482 agrariae
826 1418 900 1482 legis,

152 1496 287 1560 ultimaque
299 1498 337 1546 vis
348 1497 486 1564 parabatur,
502 1510 588 1560 quum,
606 1494 710 1546 Volscos
723 1495 808 1559 adesse,
825 1496 907 1546 sumo·

153 1584 186 1620 ex
200 1571 316 1621 incendiis
328 1573 441 1623 villarum
452 1573 559 1638 fugaque
569 1574 698 1638 agrestium
714 1574 842 1637 cognitum
852 1573 907 1623 esi..

153 1647 190 1694 Ea
205 1660 243 1696 res
257 1656 378 1696 maturam
395 1647 447 1710 jam
465 1647 610 1699 seditionem
626 1664 655 1698 ac
672 1651 748 1715 prope
766 1663 897 1716 ermnpen·

153 1732 204 1772 tem
217 1723 338 1789 repressit.
374 1724 498 1788 Consules,
515 1724 595 1776 cortu
614 1726 741 1792 extemplo
760 1727 791 1775 ab
811 1723 898 1775 senatu

152 1799 184 1849 ad
195 1799 294 1865 bellum,
312 1800 397 1851 educta
410 1816 444 1852 ex
462 1802 522 1852 urbe
538 1802 679 1867 juventute,
701 1804 904 1869 tranquilliorem.

155 1888 260 1928 ceteram
280 1879 378 1945 plebem
400 1879 536 1951 secerunt.=
554 1880 679 1943 Et=bostes
697 1881 806 1947 quidem,
833 1881 899 1934 nisit

152 1954 219 2004 aliud
236 1962 308 2021 quam
325 1958 424 2028 pqrsusrs
441 1975 507 2008 vano
522 1959 611 2009 timore
623 1961 747 2022 Romanis,
765 1962 841 2010 citato
852 1975 897 2024 ag-

152 2032 220 2081 mine
239 2034 339 2094 abeunt.
373 2037 503 2085 Numicius
523 2038 625 2084 Antium
648 2034 763 2085 adversus
783 2034 908 2101 Volscos,

104 2115 108 2119 '
153 2107 280 2172 Virginius
292 2120 377 2160 contra
391 2113 484 2174 AEquos
495 2113 624 2176 professus.
646 2113 680 2161 ibi
691 2127 723 2160 ex
737 2112 827 2164 insidiis
837 2129 897 2179 pro-

154 2188 185 2250 pe
202 2185 291 2246 magni
307 2186 406 2252 accepta
420 2183 495 2247 clade,
512 2190 591 2234 virtus
604 2188 710 2235 militum
723 2203 782 2251 rem,
797 2191 899 2256 prolap-

152 2259 203 2307 sam
220 2260 367 2320 neglIgentid
385 2259 496 2320 consulis,
510 2260 621 2311 restituit.
655 2261 745 2311 Melius
762 2265 787 2310 in
799 2265 897 2315 Volscis

153 2333 299 2397 imperatum
310 2331 360 2381 est„
386 2333 440 2382 Fufi
457 2334 537 2399 primo
548 2334 632 2400 proelio
647 2335 731 2398 hostes,
750 2336 855 2402 fugitque
869 2340 896 2391 in

64 2421 69 2433 ·
152 2407 239 2456 urbem
252 2407 363 2470 Antium,
378 2417 408 2457 ut
418 2417 471 2456 tum
482 2423 520 2457 res
534 2419 610 2472 erant,
615 2406 829 2477 opulentissimam
838 2414 895 2465 atti.

49 2533 53 2542 ,
152 2477 228 2549 quam
248 2483 331 2533 consul
350 2499 492 2550 oppugnare
511 2500 562 2534 non
581 2484 660 2552 ausus,
679 2491 813 2551 Cenonem,
829 2490 897 2542 aliud

153 2558 280 2628 oppidum,
298 2575 451 2627 nequaquam
465 2571 523 2610 tam>
536 2562 686 2629 opulentum,
703 2565 735 2613 ab
755 2569 910 2620 Antiatibus.

152 2639 226 2704 cepit.
262 2641 328 2687 Dum
343 2640 416 2704 AEqui
434 2639 565 2705 Volscique
584 2645 710 2692 Romanos
726 2646 847 2694 exercitus
858 2656 896 2696 te-

53 2749 56 2752 ·
153 2726 221 2777 nent,
239 2715 319 2783 Sabini
335 2716 411 2781 usque
422 2716 453 2765 ad
467 2728 550 2783 portas
559 2719 626 2767 urbis
643 2721 787 2787 populantes
797 2722 898 2772 incesse-

154 2806 190 2843 re.
224 2791 310 2842 deinde
324 2793 367 2860 ipsr
383 2795 465 2860 paucis
479 2795 532 2861 post
548 2795 632 2846 diebus
645 2799 677 2847 ab
694 2799 789 2849 duobus
801 2803 896 2850 exerci-

83 2909 86 2915 .
154 2869 228 2931 tibus,
245 2881 350 2936 utroque
358 2886 402 2939 per
414 2873 478 2920 'iram
493 2872 591 2922 consule
599 2873 703 2938 ingresso
717 2878 742 2926 in
760 2877 826 2941 sines,
843 2879 907 2946 plus»

151 2943 269 3012 cladium,
280 2954 355 3014 quam
366 2948 505 3020 intulerant,
522 2961 678 3018 acceperunt.

729 3031 826 3082 LXIV.
843 3031 907 3083 Ex.»
