1964 3660
348 337 517 417 Lrnn'n
551 369 626 416 vrri.
816 383 865 430 ⁴⁷³

123 470 176 519 sem
188 455 344 518 sororemque
361 454 553 520 olympiadem:
571 468 675 520 quarum
690 463 769 503 mater
780 455 869 518 Magni

123 532 258 583 Alexandri
270 532 353 596 altera,
365 532 435 581 soror
444 531 520 581 altera
531 530 587 581 suit.
623 535 683 581 Haec
692 529 722 580 de
731 531 867 582 Alexandri

124 607 243 673 Epirensis
255 608 314 656 trilli
334 619 435 669 eventu,
452 622 592 671 quanquam
603 611 717 658 Romano
734 608 799 657 bello
815 608 867 658 ior·

124 695 183 734 tuna
195 685 387 747 eumabllinuit,
406 695 496 748 umen,
513 685 571 748 quia
590 683 617 733 in
634 686 705 735 ltalia
716 685 779 735 bella
790 685 868 751 gestit,

122 761 206 828 paucis
218 759 304 809 dixisse
314 763 370 810 satis
382 760 433 808 srt..

156 841 240 886 XXV.
259 837 354 887 Eodem
380 852 446 886 armo
469 833 638 901 leiiillsrnium
657 839 751 902 Roma,
779 839 868 902 quintu

122 913 174 978 poli
192 912 316 965 conditam
333 914 428 977 urbem,
445 911 539 974 iisdem,
555 911 644 976 quibus
659 916 727 975 anti,
744 913 867 978 placandis

121 989 233 1038 habiturn
245 989 277 1036 est
288 992 351 1038 Diis.
386 990 456 1040 Novi
468 987 556 1037 deinde
573 985 684 1036 consules
698 987 764 1050 justu
780 989 868 1053 populi

121 1080 198 1128 quum
214 1064 336 1129 misrll‘ent,
353 1083 396 1131 qur
388 1065 544 1115 indicerent
561 1064 708 1114 samnitibus
718 1063 824 1123 bellum
841 1065 868 1116 δι

121 1140 165 1208 ipsi
177 1142 269 1204 maJ'ore
280 1153 379 1205 conatu,
397 1149 468 1208 quam
479 1139 595 1190 adversus
605 1142 713 1202 Grates,
731 1137 817 1188 cunita
826 1155 868 1204 pa·
877 1183 881 1188 .

121 1216 264 1278 raban13&
273 1220 320 1267 alia
336 1234 404 1268 nova
419 1219 481 1268 nihil
495 1229 549 1266 tum
564 1217 649 1267 animo
660 1215 707 1266 tale
716 1215 869 1279 agitantibus

120 1291 268 1342 accerserunt
279 1296 380 1344 auxilia.
415 1295 596 1358 Lucaniatque
610 1294 692 1359 Apuli,
710 1294 798 1356 quibus
807 1306 867 1355 gena

121 1370 186 1417 sibus
200 1370 262 1418 nihil
272 1370 303 1420 ad
315 1373 368 1420 eam
379 1371 444 1421 diem
461 1386 518 1420 cum
534 1373 649 1421 Romano
667 1367 867 1436 populoiuerat,

120 1444 149 1494 in
158 1445 231 1493 fidem
243 1450 373 1511 venerunt,
390 1463 458 1496 arma
469 1447 586 1512 virosque
597 1447 628 1498 ad
640 1447 732 1498 bellurn
748 1445 869 1512 polliceri·¹

120 1532 165 1570 tes.
184 1522 273 1572 foedere
281 1540 340 1589 ergo
351 1525 377 1575 in
388 1525 523 1576 amicitiam
532 1526 636 1593 accepti.
646 1525 740 1577 Eodem
755 1534 867 1590 tempore

120 1599 196 1650 etiam
217 1600 243 1650 in
259 1603 359 1653 Samnio
375 1618 413 1654 res
423 1603 545 1671 'prospere
564 1604 637 1670 gesta.
671 1604 718 1654 tria
735 1601 828 1670 oppida
839 1602 866 1652 in

119 1677 264 1744 potestatem
281 1692 411 1745 venerunt,
429 1681 518 1746 Allisa,
538 1682 639 1747 Callil'ae,
656 1681 797 1732 Ruffrium:
820 1679 865 1728 ali·

118 1755 194 1821 usque
205 1773 263 1822 ager
278 1760 360 1826 primo
378 1760 489 1809 adventu
499 1759 627 1811 consulum
641 1759 714 1822 longi
725 1760 821 1822 latique
833 1755 866 1806 est

118 1833 278 1897 pervallatus.
312 1839 368 1884 Hoc
378 1835 445 1883 bello
457 1847 508 1884 tarn
523 1830 637 1900 prnspere
650 1833 787 1892 comitio,
803 1832 864 1880 alte·

118 1908 255 1974 riquoque
273 1910 347 1972 bello,
369 1926 420 1974 quo
437 1910 519 1958 Graeni
537 1909 718 1971 obsidebantur,
734 1908 786 1969 jam
808 1905 865 1957 finis

117 1984 209 2034 aderat.
227 1995 472 2051 nam,··prarerquam
483 1983 558 2046 quad,
575 1981 864 2049 interseptismunimen-

117 2061 149 2106 tis
160 2059 274 2121 hostiurn,
291 2075 345 2125 pars
357 2061 422 2126 parti
432 2057 532 2108 abscilla
543 2068 602 2119 erat,
619 2057 722 2107 soediora
736 2057 873 2125 aliquanto·

116 2133 182 2185 intra
193 2136 325 2199 matualis,
343 2136 431 2199 quibus
446 2134 520 2184 hostis
538 2132 675 2196 territaBat,
692 2131 865 2198 patiebantur:

117 2208 227 2267 ,ts-velut
238 2212 303 2277 capti
317 2217 332 2260 a
346 2209 444 2260 suismet
456 2209 512 2276 ipsrs
521 2208 643 2275 prasidiis,
660 2207 761 2270 indigna
773 2207 824 2270 jam
833 2207 863 2256 li-

117 2284 182 2335 beris
196 2301 295 2352 quoque
305 2303 335 2338 ac
352 2288 506 2352 conjugibus,
524 2287 549 2336 ds
559 2301 612 2352 qua
628 2295 754 2353 captarum
763 2283 864 2336 urbium

116 2374 226 2414 extrema
239 2363 302 2428 sunt,
320 2365 484 2431 patiebantur.
502 2368 589 2429 Inque
602 2379 687 2430 quum,
706 2362 864 2413 &aTaren-

116 2448 146 2491 to
161 2439 186 2488 dt
197 2433 215 2488 ἕ
223 2441 380 2503 Samnitibus,
397 2440 462 2490 fama
478 2439 542 2503 ellet,
560 2456 628 2489 nova
642 2438 735 2490 auxilia
747 2446 863 2499 ventura,

117 2516 263 2567 Samnitium
273 2517 334 2582 plus,
344 2523 417 2583 quam
427 2517 528 2581 vellent,
539 2518 604 2566 intra
615 2517 704 2566 moenia
715 2513 761 2564 elle
772 2513 861 2563 reban-

117 2598 174 2642 turr
185 2589 387 2643 'Tarentinorum
396 2595 562 2656 juventutem,
581 2594 662 2643 Graeci
671 2596 781 2652 Graecos,
794 2589 863 2643 haud

115 2666 197 2727 tuinds
210 2681 252 2731 per
262 2682 324 2731 quos
333 2668 438 2721 Samniti
446 2668 603 2731 Nolanoque,
620 2672 694 2731 quam
705 2676 734 2715 ut
743 2665 863 2717 Romania

115 2740 383 2803 hostibusrefillerent‚
406 2743 588 2810 axlpnilabant.
623 2743 748 2792 Postrema
771 2741 862 2791 levisti-

114 2834 184 2868 mum
202 2819 323 2873 malorum
338 2820 431 2870 deditio
443 2820 474 2871 ad
492 2824 619 2870 Romanos
635 2817 698 2870 vila.
734 2817 862 2870 Charilaus

115 2895 141 2946 ἃ
154 2895 302 2960 Nymphius,
319 2896 438 2962 principes
456 2895 573 2957 civitatis,
592 2893 778 2948 cummunicato
796 2895 862 2946 inter

114 2971 140 3032 se
157 2969 266 3033 confilio,
283 2981 366 3038 partes
382 2971 413 3023 ad
428 2987 480 3023 rem
490 2970 611 3036 agendam
625 2969 740 3032 divisere,
757 2979 786 3021 ut
799 2970 862 3022 alter

114 3047 170 3102 ad
162 3058 336 3113 imperatorem
352 3051 523 3104 Rornanorum
539 3046 711 3113 transfugeret,
727 3047 789 3097 alter
802 3040 861 3098 sub'·

115 3123 204 3244 liliam
222 3123 254 3179 ad
278 3124 434 3196 prabsndam
452 3135 621 3195 oppormnam
639 3123 741 3205 coufilin
762 3123 860 3176 urbem.

709 3200 859 3256 Charilaus
