1964 3660
165 230 193 274 ts
420 223 455 271 Τ.
492 221 644 272 LIVII

159 323 209 362 tem
220 330 293 362 unam
305 328 337 362 ex
349 312 441 361 duabus
452 313 558 361 lacIunt:
571 329 673 376 regnum
685 311 838 372 consociant;
856 312 899 360 irn-

158 393 253 455 perium
265 408 337 440 omne
349 391 477 439 conferunt
489 392 602 438 Romam.
637 394 676 438 Ita
693 392 814 452 geminati
830 391 898 443 urbe,

158 477 187 516 ut
199 468 290 518 Sabinis
310 479 392 517 tamen
408 467 499 532 aliquid
513 466 618 532 daretrn,
652 468 759 530 Quirites
770 473 783 516 ὲ
796 468 900 520 Curibus

158 545 281 610 appellati,
299 557 487 596 monumentum
503 548 554 611 ejus
570 562 666 613 pugnae,
682 547 726 594 ubi
743 548 851 613 primum
868 559 900 595 ex
945 547 953 566 “

157 622 280 690 profunda
290 621 395 671 emersus
409 623 497 688 palude
512 639 591 690 vequus
609 624 721 672 Curtium
735 625 760 670 in
778 623 844 671 vado
855 623 899 678 sta-

120 724 123 729 ·
159 701 216 763 tuit,
237 703 350 750 Curtium
365 703 446 750 lacum
460 701 618 769 appellarunt.
653 704 692 750 Ex
704 700 768 749 bello
780 710 829 749 tarn
841 702 900 752 trilli

150 778 213 829 *lata
224 783 323 846 repente
331 795 380 846 pax
390 780 494 828 cariores
505 779 601 828 Sabinas
613 778 672 827 viris
680 793 708 826 ac
719 777 865 843 parentinus,
876 778 900 828 &

158 864 215 904 ante
226 871 311 905 omnes
320 855 427 904 Romulo
437 853 487 920 ipsi,
497 853 563 902 fecit.
587 856 682 917 ltaque,
694 868 770 918 quum
781 854 900 919 populum
943 866 951 878 ⁸

158 929 185 979 in
199 933 277 981 curias
286 921 385 996 tilginta
396 930 528 994 divideret,
535 930 635 979 nomina
646 939 729 978 earum
740 930 812 978 curiis
823 931 901 996 impo·
977 980 979 986 y

158 1004 216 1056 suit.
237 1008 265 1057 ld
274 1024 324 1058 non
330 1007 440 1068 traditur,
450 1021 525 1070 quum
534 1005 600 1054 haud
611 1005 683 1054 dubie
692 1005 817 1070 aliquanto
829 1021 900 1055 num-

160 1099 216 1132 erus
227 1086 306 1146 major
317 1086 365 1132 hoc
374 1083 502 1131 mulierum
514 1079 595 1141 fuerit,
604 1093 681 1143 atate,
689 1098 730 1150 ‚an
743 1082 902 1144 dignitatibus

160 1160 208 1210 suis
223 1163 375 1220 virorumve,
392 1175 422 1205 an
433 1157 496 1205 lorte
507 1155 572 1203 lertae
583 1158 636 1217 first,
654 1172 708 1220 quae
718 1159 819 1206 nomina
831 1161 903 1210 curiis
965 1173 968 1177 ’

159 1234 252 1283 darent.
287 1234 381 1283 Eodem
391 1243 501 1298 tempore
510 1231 534 1280 ἃ
543 1233 657 1280 centuriae
666 1243 712 1281 tres
724 1233 834 1298 equitum
843 1252 902 1286 eon-

159 1307 254 1378 scriptie
266 1311 334 1359 sunt:
358 1307 504 1359 Ramnenses
520 1309 550 1356 ab
562 1309 685 1368 Romulo;
702 1309 734 1358 ab
749 1310 811 1358 Tito
824 1314 903 1364 Tatio

158 1385 288 1438 Tatienses
302 1387 424 1453 appellati.
442 1389 579 1434 Lucerum
588 1386 693 1433 nominis
702 1386 835 1449 &originis
844 1403 902 1438 cau-

159 1463 184 1514 sa
196 1463 288 1512 ineerta
299 1464 340 1511 eli.
375 1463 435 1511 Inde
446 1474 496 1511 non
507 1461 583 1511 modo
594 1477 732 1526 commune,
749 1462 789 1513 sed
801 1479 903 1514 concors

159 1541 243 1604 etiam,
256 1555 359 1604 regnum
371 1538 465 1589 duobus
476 1540 572 1602 regibus
584 1537 640 1586 fult.

193 1621 265 1665 XIV.
285 1618 338 1667 Poll
346 1618 441 1681 aliquot
449 1633 532 1680 annos,
544 1615 677 1682 propinqui
686 1615 748 1679 regis
757 1618 825 1665 Tatii
837 1617 901 1681 lega-

160 1702 201 1742 tos
210 1695 372 1743 Laurentium
384 1692 487 1760 pulsant.
506 1707 630 1759 quumque
639 1695 771 1741 Laurentes
779 1693 834 1756 jure
845 1709 903 1758 gen·

160 1769 225 1817 tium
242 1781 349 1834 agerent,
374 1769 440 1834 apud
460 1770 564 1818 Tatium
580 1769 658 1833 gratia
674 1766 809 1818 suorum&
820 1785 904 1836 preces

159 1845 215 1914 plus
223 1857 345 1913 poterant.
379 1848 458 1911 Igitur
466 1846 563 1897 illorum
574 1861 671 1913 poenam
681 1846 707 1894 in
718 1845 742 1895 le
750 1847 833 1896 vertit.
845 1862 904 1898 narn

158 1925 272 1989 Lauinii,
290 1941 366 1990 quum
374 1923 404 1973 ad
413 1923 511 1975 solenne
520 1923 666 1974 sacrificium
676 1927 707 1972 eo
717 1922 826 1989 senill'et,
844 1939 903 1974 con·-

159 2002 233 2054 eursu
243 2002 315 2066 failo,
333 2002 485 2052 interficitur.
519 2006 581 2052 Eam
592 2018 643 2051 rem
660 2002 741 2050 minus
752 2005 820 2065 tegre,
832 2007 905 2065 quern

159 2077 263 2142 dignum
274 2090 333 2142 erat,
351 2078 429 2127 tulill'e
447 2080 581 2128 Romulum
591 2079 686 2128 lerunt.
704 2075 746 2125 seu
757 2077 789 2126 ob
804 2076 905 2125 infidam

160 2152 302 2203 societatem
314 2155 390 2217 regni,
411 2155 451 2202 seu
463 2156 520 2217 quia
537 2154 601 2201 haud
615 2153 704 2213 injurii
718 2151 805 2200 caesuns
822 2152 903 2200 erede·

161 2227 213 2276 bet.
249 2230 336 2292 Itaque
349 2228 414 2275 bello
434 2228 532 2290 quidem
543 2226 679 2275 abstinuit:
697 2235 725 2272 ut
736 2237 816 2274 tamen
834 2227 905 2292 expi-

160 2301 259 2351 arentur
270 2301 405 2363 legatorum
417 2301 517 2362 injuriae,
534 2300 645 2367 regisque
657 2300 739 2361 caedes,
756 2301 832 2349 foedus
841 2302 905 2352 inter

161 2379 269 2427 Romam
286 2378 469 2440 Laviniumque
486 2378 557 2426 urbes
569 2387 716 2426 renovatum
730 2379 771 2425 eli.
806 2381 904 2428 Etcum

162 2451 205 2501 his,
212 2452 311 2516 quidem
320 2453 439 2518 insperata
453 2468 503 2519 pax
514 2464 579 2502 erat:
589 2453 655 2501 aliud
662 2454 742 2502 multo
752 2456 860 2520 propius,
870 2466 908 2504 at-

160 2543 211 2592 que
232 2529 257 2575 in
271 2527 324 2592 ipsis
345 2544 421 2594 prope
441 2531 526 2594 portis,
544 2530 634 2578 bellum
651 2528 743 2578 ortum.
777 2533 905 2582 Fidenates

161 2604 235 2653 nimis
251 2604 344 2653 vicinas
359 2595 435 2671 prope
452 2607 476 2654 se
490 2607 658 2655 convalescere
677 2623 736 2672 opes
755 2610 809 2671 rati,
827 2611 904 2676 prius-

163 2692 239 2743 quam
256 2690 351 2729 tantum
361 2684 457 2730 roboris
472 2682 537 2744 esset,
555 2693 673 2746 quantum
684 2683 793 2734 futurum
805 2702 907 2752 appare-

163 2756 214 2818 bat,
234 2768 355 2822 occupant
367 2757 457 2806 bellurn
467 2760 554 2808 lacere.
570 2760 701 2821 juventute
713 2763 804 2809 armati
816 2763 907 2811 immis-

156 2833 200 2893 sis
215 2833 322 2880 vallatur
335 2834 387 2899 agri
404 2836 470 2899 quod
487 2836 549 2884 lnter
559 2837 645 2884 urbem
656 2851 685 2884 ac
694 2837 794 2885 fidenas
806 2840 846 2885 est.
865 2843 906 2888 ln-

164 2907 239 2956 dead
258 2906 426 2970 laevnm‘verfi,
445 2913 501 2976 quia
513 2912 598 2960 dextri
609 2912 708 2959 Tiberis
727 2912 831 2973 arcebat,
849 2929 905 2961 cum

157 2995 253 3047 magna
267 2983 428 3050 trepidatione
449 2988 576 3053 agrestium
591 2986 758 3054 popidantur:
777 2985 905 3038 tumultus-

197 3088 202 3105 ,
411 3097 412 3102 ,
858 3073 907 3128 que
