<?xml version="1.0" encoding="UTF-8"?>
<!DOCTYPE html PUBLIC "-//W3C//DTD XHTML 1.0 Transitional//EN"
    "http://www.w3.org/TR/xhtml1/DTD/xhtml1-transitional.dtd">
<html xmlns="http://www.w3.org/1999/xhtml" xml:lang="en" lang="en">
 <head>
  <title>
</title>
<meta http-equiv="Content-Type" content="text/html;charset=utf-8" />
  <meta name='ocr-system' content='tesseract 3.04.00' />
  <meta name='ocr-capabilities' content='ocr_page ocr_carea ocr_par ocr_line ocrx_word'/>
</head>
<body>
  <div class='ocr_page' id='page_1' title='image "./titiliviipatavi00livygoog_0372.png"; bbox 0 0 1964 3660; ppageno 0'>
   <div class='ocr_carea' id='block_1_1' title="bbox 71 214 866 1914">
    <p class='ocr_par' dir='ltr' id='par_1_1' title="bbox 111 214 863 1146">
     <span class='ocr_line' id='line_1_1' title="bbox 359 214 853 283; baseline 0.008 -13"><span class='ocrx_word' id='word_1_1' title='bbox 359 214 526 270; x_wconf 79' lang='lat' dir='ltr'><strong>LIBE&#39;R</strong></span> <span class='ocrx_word' id='word_1_2' title='bbox 559 219 607 270; x_wconf 89' lang='lat' dir='ltr'><em>v1.</em></span> <span class='ocrx_word' id='word_1_3' title='bbox 754 224 755 229; x_wconf 78' lang='grc'>’</span> <span class='ocrx_word' id='word_1_4' title='bbox 807 221 853 283; x_wconf 67' lang='lat'><em>36!</em></span> 
     </span>
     <span class='ocr_line' id='line_1_2' title="bbox 115 305 856 377; baseline 0.001 -18"><span class='ocrx_word' id='word_1_5' title='bbox 115 307 212 374; x_wconf 73' lang='lat' dir='ltr'><em>vestrum</em></span> <span class='ocrx_word' id='word_1_6' title='bbox 221 306 360 374; x_wconf 79' lang='lat' dir='ltr'><em>feliiitatem,</em></span> <span class='ocrx_word' id='word_1_7' title='bbox 385 310 412 359; x_wconf 75' lang='lat' dir='ltr'><em>la</em></span> <span class='ocrx_word' id='word_1_8' title='bbox 429 325 464 359; x_wconf 91' lang='lat' dir='ltr'><em>me</em></span> <span class='ocrx_word' id='word_1_9' title='bbox 480 313 512 373; x_wconf 86' lang='lat' dir='ltr'><em>(ut</em></span> <span class='ocrx_word' id='word_1_10' title='bbox 525 311 599 376; x_wconf 70' lang='lat' dir='ltr'><em>spero)</em></span> <span class='ocrx_word' id='word_1_11' title='bbox 610 307 709 373; x_wconf 78' lang='lat' dir='ltr'><em>feliciter</em></span> <span class='ocrx_word' id='word_1_12' title='bbox 719 305 856 377; x_wconf 80' lang='lat' dir='ltr'><em>’repertumr</em></span> 
     </span>
     <span class='ocr_line' id='line_1_3' title="bbox 116 385 859 454; baseline 0.005 -20"><span class='ocrx_word' id='word_1_13' title='bbox 116 388 198 435; x_wconf 80' lang='lat' dir='ltr'><em>minure</em></span> <span class='ocrx_word' id='word_1_14' title='bbox 212 387 300 454; x_wconf 64' lang='lat' dir='ltr'><em>negotiu,</em></span> <span class='ocrx_word' id='word_1_15' title='bbox 317 388 352 454; x_wconf 84' lang='lat' dir='ltr'><em>qui</em></span> <span class='ocrx_word' id='word_1_16' title='bbox 371 389 461 453; x_wconf 89' lang='lat' dir='ltr'><em>imperet</em></span> <span class='ocrx_word' id='word_1_17' title='bbox 468 385 578 450; x_wconf 85' lang='lat' dir='ltr'><em>Patribus,</em></span> <span class='ocrx_word' id='word_1_18' title='bbox 596 387 715 452; x_wconf 76' lang='lat' dir='ltr'><em>imponetis,</em></span> <span class='ocrx_word' id='word_1_19' title='bbox 732 390 805 453; x_wconf 76' lang='lat' dir='ltr'><em>quim,</em></span> <span class='ocrx_word' id='word_1_20' title='bbox 821 390 859 454; x_wconf 78' lang='lat' dir='ltr'><em>qui</em></span> 
     </span>
     <span class='ocr_line' id='line_1_4' title="bbox 114 462 857 530; baseline 0.004 -20"><span class='ocrx_word' id='word_1_21' title='bbox 114 462 232 526; x_wconf 76' lang='lat' dir='ltr'><em>ruststereut</em></span> <span class='ocrx_word' id='word_1_22' title='bbox 250 463 410 529; x_wconf 73' lang='lat' dir='ltr'><em>imperantibus,</em></span> <span class='ocrx_word' id='word_1_23' title='bbox 427 462 562 530; x_wconf 76' lang='lat' dir='ltr'><em>impofieistis.</em></span> <span class='ocrx_word' id='word_1_24' title='bbox 597 462 644 511; x_wconf 89' lang='lat' dir='ltr'><em>Solo</em></span> <span class='ocrx_word' id='word_1_25' title='bbox 654 464 751 528; x_wconf 82' lang='lat' dir='ltr'><em>equaudu</em></span> <span class='ocrx_word' id='word_1_26' title='bbox 761 467 813 529; x_wconf 86' lang='lat' dir='ltr'><em>suut</em></span> <span class='ocrx_word' id='word_1_27' title='bbox 823 466 857 514; x_wconf 91' lang='lat' dir='ltr'><em>di-</em></span> 
     </span>
     <span class='ocr_line' id='line_1_5' title="bbox 115 539 859 608; baseline 0.004 -20"><span class='ocrx_word' id='word_1_28' title='bbox 115 540 200 589; x_wconf 72' lang='lat' dir='ltr'><em>lbature</em></span> <span class='ocrx_word' id='word_1_29' title='bbox 212 541 369 608; x_wconf 76' lang='lat' dir='ltr'><em>consulatusque,</em></span> <span class='ocrx_word' id='word_1_30' title='bbox 386 550 409 589; x_wconf 89' lang='lat' dir='ltr'><em>ut</em></span> <span class='ocrx_word' id='word_1_31' title='bbox 423 549 487 606; x_wconf 82' lang='lat' dir='ltr'><em>caput</em></span> <span class='ocrx_word' id='word_1_32' title='bbox 499 539 596 589; x_wconf 76' lang='lat' dir='ltr'><em>attollere</em></span> <span class='ocrx_word' id='word_1_33' title='bbox 606 541 702 588; x_wconf 82' lang='lat' dir='ltr'><em>Romana</em></span> <span class='ocrx_word' id='word_1_34' title='bbox 709 539 778 604; x_wconf 88' lang='lat' dir='ltr'><em>plebes</em></span> <span class='ocrx_word' id='word_1_35' title='bbox 786 543 859 606; x_wconf 83' lang='lat' dir='ltr'><em>poffit.</em></span> 
     </span>
     <span class='ocr_line' id='line_1_6' title="bbox 116 615 860 684; baseline 0.001 -18"><span class='ocrx_word' id='word_1_36' title='bbox 116 617 211 666; x_wconf 71' lang='lat' dir='ltr'><em>Proinde</em></span> <span class='ocrx_word' id='word_1_37' title='bbox 220 617 296 682; x_wconf 82' lang='lat' dir='ltr'><em>adeste,</em></span> <span class='ocrx_word' id='word_1_38' title='bbox 310 615 418 684; x_wconf 84' lang='lat' dir='ltr'><em>prohibete</em></span> <span class='ocrx_word' id='word_1_39' title='bbox 423 617 462 680; x_wconf 82' lang='lat' dir='ltr'><em>jus</em></span> <span class='ocrx_word' id='word_1_40' title='bbox 476 616 502 664; x_wconf 88' lang='lat' dir='ltr'><em>de</em></span> <span class='ocrx_word' id='word_1_41' title='bbox 509 616 604 681; x_wconf 80' lang='lat' dir='ltr'><em>pecuniis</em></span> <span class='ocrx_word' id='word_1_42' title='bbox 620 616 670 664; x_wconf 87' lang='lat' dir='ltr'><em>dici.</em></span> <span class='ocrx_word' id='word_1_43' title='bbox 688 633 725 682; x_wconf 87' lang='lat' dir='ltr'><em>ego</em></span> <span class='ocrx_word' id='word_1_44' title='bbox 741 633 775 665; x_wconf 85' lang='lat' dir='ltr'><em>me</em></span> <span class='ocrx_word' id='word_1_45' title='bbox 783 627 860 683; x_wconf 89' lang='lat' dir='ltr'><em>patru-</em></span> 
     </span>
     <span class='ocr_line' id='line_1_7' title="bbox 116 692 862 762; baseline 0.001 -20"><span class='ocrx_word' id='word_1_46' title='bbox 116 694 275 761; x_wconf 80' lang='lat' dir='ltr'><em>ruemprofitear</em></span> <span class='ocrx_word' id='word_1_47' title='bbox 281 693 358 762; x_wconf 84' lang='lat' dir='ltr'><em>plebis,</em></span> <span class='ocrx_word' id='word_1_48' title='bbox 374 694 427 760; x_wconf 87' lang='lat' dir='ltr'><em>quud</em></span> <span class='ocrx_word' id='word_1_49' title='bbox 436 692 490 741; x_wconf 82' lang='lat' dir='ltr'><em>mibi</em></span> <span class='ocrx_word' id='word_1_50' title='bbox 499 708 551 740; x_wconf 89' lang='lat' dir='ltr'><em>cura</em></span> <span class='ocrx_word' id='word_1_51' title='bbox 567 707 614 739; x_wconf 87' lang='lat' dir='ltr'><em>mea</em></span> <span class='ocrx_word' id='word_1_52' title='bbox 630 693 657 742; x_wconf 78' lang='lat' dir='ltr'><em>dr</em></span> <span class='ocrx_word' id='word_1_53' title='bbox 666 693 724 756; x_wconf 50' lang='lat' dir='ltr'><em>¹fides</em></span> <span class='ocrx_word' id='word_1_54' title='bbox 735 711 809 743; x_wconf 82' lang='lat' dir='ltr'><em>nomer</em></span> <span class='ocrx_word' id='word_1_55' title='bbox 825 696 862 744; x_wconf 85' lang='lat' dir='ltr'><em>iu·</em></span> 
     </span>
     <span class='ocr_line' id='line_1_8' title="bbox 116 768 861 839; baseline 0.003 -20"><span class='ocrx_word' id='word_1_56' title='bbox 116 771 173 821; x_wconf 85' lang='lat' dir='ltr'><em>duit.</em></span> <span class='ocrx_word' id='word_1_57' title='bbox 207 773 249 822; x_wconf 81' lang='lat' dir='ltr'><em>Vos</em></span> <span class='ocrx_word' id='word_1_58' title='bbox 254 773 276 838; x_wconf 79' lang='lat' dir='ltr'><em>fi</em></span> <span class='ocrx_word' id='word_1_59' title='bbox 284 789 323 839; x_wconf 79' lang='lat' dir='ltr'><em>quo</em></span> <span class='ocrx_word' id='word_1_60' title='bbox 333 771 408 839; x_wconf 77' lang='lat' dir='ltr'><em>infigui</em></span> <span class='ocrx_word' id='word_1_61' title='bbox 419 771 488 837; x_wconf 86' lang='lat' dir='ltr'><em>magis</em></span> <span class='ocrx_word' id='word_1_62' title='bbox 499 769 585 834; x_wconf 76' lang='lat' dir='ltr'><em>imperii</em></span> <span class='ocrx_word' id='word_1_63' title='bbox 602 768 711 834; x_wconf 81' lang='lat' dir='ltr'><em>honorisve</em></span> <span class='ocrx_word' id='word_1_64' title='bbox 721 773 804 819; x_wconf 79' lang='lat' dir='ltr'><em>rumine</em></span> <span class='ocrx_word' id='word_1_65' title='bbox 818 787 861 821; x_wconf 87' lang='lat' dir='ltr'><em>ve·</em></span> 
     </span>
     <span class='ocr_line' id='line_1_9' title="bbox 111 844 863 916; baseline 0.003 -20"><span class='ocrx_word' id='word_1_66' title='bbox 111 846 184 911; x_wconf 76' lang='lat' dir='ltr'><em>strum</em></span> <span class='ocrx_word' id='word_1_67' title='bbox 193 850 330 916; x_wconf 69' lang='lat' dir='ltr'><em>appellabitis</em></span> <span class='ocrx_word' id='word_1_68' title='bbox 339 849 420 910; x_wconf 84' lang='lat' dir='ltr'><em>ducem,</em></span> <span class='ocrx_word' id='word_1_69' title='bbox 436 856 459 896; x_wconf 79' lang='lat' dir='ltr'><em>tu</em></span> <span class='ocrx_word' id='word_1_70' title='bbox 475 844 563 896; x_wconf 76' lang='lat' dir='ltr'><em>utemini</em></span> <span class='ocrx_word' id='word_1_71' title='bbox 576 847 694 911; x_wconf 80' lang='lat' dir='ltr'><em>potentiore</em></span> <span class='ocrx_word' id='word_1_72' title='bbox 709 847 738 895; x_wconf 89' lang='lat' dir='ltr'><em>ud</em></span> <span class='ocrx_word' id='word_1_73' title='bbox 752 847 863 898; x_wconf 81' lang='lat' dir='ltr'><em>obtinenda</em></span> 
     </span>
     <span class='ocr_line' id='line_1_10' title="bbox 117 923 863 992; baseline 0.003 -18"><span class='ocrx_word' id='word_1_74' title='bbox 117 941 152 988; x_wconf 82' lang='lat' dir='ltr'><em>ua,</em></span> <span class='ocrx_word' id='word_1_75' title='bbox 167 941 209 992; x_wconf 82' lang='lat' dir='ltr'><em>que</em></span> <span class='ocrx_word' id='word_1_76' title='bbox 219 927 296 977; x_wconf 84' lang='lat' dir='ltr'><em>vultit.</em></span> <span class='ocrx_word' id='word_1_77' title='bbox 314 925 379 976; x_wconf 80' lang='lat' dir='ltr'><em>&#39;Inde</em></span> <span class='ocrx_word' id='word_1_78' title='bbox 390 926 421 976; x_wconf 88' lang='lat' dir='ltr'><em>de</em></span> <span class='ocrx_word' id='word_1_79' title='bbox 431 939 508 990; x_wconf 79' lang='lat' dir='ltr'><em>regno</em></span> <span class='ocrx_word' id='word_1_80' title='bbox 519 923 609 988; x_wconf 79' lang='lat' dir='ltr'><em>agendi</em></span> <span class='ocrx_word' id='word_1_81' title='bbox 620 935 702 974; x_wconf 87' lang='lat' dir='ltr'><em>ortum</em></span> <span class='ocrx_word' id='word_1_82' title='bbox 714 925 812 975; x_wconf 87' lang='lat' dir='ltr'><em>initium</em></span> <span class='ocrx_word' id='word_1_83' title='bbox 823 927 863 976; x_wconf 90' lang='lat' dir='ltr'><em>di·</em></span> 
     </span>
     <span class='ocr_line' id='line_1_11' title="bbox 118 999 862 1068; baseline 0.004 -17"><span class='ocrx_word' id='word_1_84' title='bbox 118 1002 196 1053; x_wconf 85' lang='lat' dir='ltr'><em>citur:</em></span> <span class='ocrx_word' id='word_1_85' title='bbox 214 1004 254 1054; x_wconf 81' lang='lat' dir='ltr'><em>sed</em></span> <span class='ocrx_word' id='word_1_86' title='bbox 264 1020 310 1054; x_wconf 81' lang='lat' dir='ltr'><em>nec</em></span> <span class='ocrx_word' id='word_1_87' title='bbox 321 1013 378 1054; x_wconf 76' lang='lat' dir='ltr'><em>cum</em></span> <span class='ocrx_word' id='word_1_88' title='bbox 391 1003 487 1068; x_wconf 75' lang='lat' dir='ltr'><em>quibus,</em></span> <span class='ocrx_word' id='word_1_89' title='bbox 504 1016 550 1050; x_wconf 84' lang='lat' dir='ltr'><em>nec</em></span> <span class='ocrx_word' id='word_1_90' title='bbox 561 1016 636 1066; x_wconf 84' lang='lat' dir='ltr'><em>quem</em></span> <span class='ocrx_word' id='word_1_91' title='bbox 646 999 678 1050; x_wconf 85' lang='lat' dir='ltr'><em>ad</em></span> <span class='ocrx_word' id='word_1_92' title='bbox 694 1001 769 1051; x_wconf 82' lang='lat' dir='ltr'><em>finem</em></span> <span class='ocrx_word' id='word_1_93' title='bbox 783 1002 862 1054; x_wconf 79' lang='lat' dir='ltr'><strong>consi-</strong></span> 
     </span>
     <span class='ocr_line' id='line_1_12' title="bbox 117 1078 617 1146; baseline -0.004 -17"><span class='ocrx_word' id='word_1_94' title='bbox 117 1080 151 1129; x_wconf 75' lang='lat' dir='ltr'><em>lia</em></span> <span class='ocrx_word' id='word_1_95' title='bbox 162 1083 327 1146; x_wconf 67' lang='lat' dir='ltr'><em>petie-wint,</em></span> <span class='ocrx_word' id='word_1_96' title='bbox 344 1081 381 1130; x_wconf 79' lang='lat' dir='ltr'><em>sat</em></span> <span class='ocrx_word' id='word_1_97' title='bbox 392 1081 491 1146; x_wconf 84' lang='lat' dir='ltr'><em>pianum</em></span> <span class='ocrx_word' id='word_1_98' title='bbox 504 1078 617 1128; x_wconf 73' lang='lat' dir='ltr'><em>traditur.</em></span> 
     </span>
    </p>

    <p class='ocr_par' dir='ltr' id='par_1_2' title="bbox 118 1155 864 1607">
     <span class='ocr_line' id='line_1_13' title="bbox 151 1155 863 1226; baseline 0.006 -20"><span class='ocrx_word' id='word_1_99' title='bbox 151 1158 225 1207; x_wconf 78' lang='lat' dir='ltr'>XIX.</span> <span class='ocrx_word' id='word_1_100' title='bbox 243 1164 278 1208; x_wconf 81' lang='lat' dir='ltr'><em>At</em></span> <span class='ocrx_word' id='word_1_101' title='bbox 296 1161 323 1208; x_wconf 89' lang='lat' dir='ltr'><em>in</em></span> <span class='ocrx_word' id='word_1_102' title='bbox 342 1169 410 1226; x_wconf 84' lang='lat' dir='ltr'><em>parte</em></span> <span class='ocrx_word' id='word_1_103' title='bbox 428 1158 504 1208; x_wconf 82' lang='lat' dir='ltr'><em>altera</em></span> <span class='ocrx_word' id='word_1_104' title='bbox 520 1156 617 1206; x_wconf 76' lang='lat' dir='ltr'><em>senatus</em></span> <span class='ocrx_word' id='word_1_105' title='bbox 633 1155 663 1206; x_wconf 85' lang='lat' dir='ltr'><em>de</em></span> <span class='ocrx_word' id='word_1_106' title='bbox 682 1155 817 1220; x_wconf 56' lang='lat' dir='ltr'><em>stcelssonq</em></span> <span class='ocrx_word' id='word_1_107' title='bbox 836 1158 863 1210; x_wconf 84' lang='lat' dir='ltr'><em>in</em></span> 
     </span>
     <span class='ocr_line' id='line_1_14' title="bbox 119 1231 864 1303; baseline 0.003 -19"><span class='ocrx_word' id='word_1_108' title='bbox 119 1231 221 1285; x_wconf 87' lang='lat' dir='ltr'><em>domum</em></span> <span class='ocrx_word' id='word_1_109' title='bbox 232 1237 363 1303; x_wconf 83' lang='lat' dir='ltr'><em>privatam,</em></span> <span class='ocrx_word' id='word_1_110' title='bbox 380 1235 465 1302; x_wconf 85' lang='lat' dir='ltr'><em>piebis,</em></span> <span class='ocrx_word' id='word_1_111' title='bbox 483 1234 547 1284; x_wconf 74' lang='lat' dir='ltr'><em>sorti</em></span> <span class='ocrx_word' id='word_1_112' title='bbox 558 1235 632 1284; x_wconf 83' lang='lat' dir='ltr'><em>etiam</em></span> <span class='ocrx_word' id='word_1_113' title='bbox 644 1237 670 1285; x_wconf 87' lang='lat' dir='ltr'><em>in</em></span> <span class='ocrx_word' id='word_1_114' title='bbox 681 1250 736 1284; x_wconf 81' lang='lat' dir='ltr'><em>arce</em></span> <span class='ocrx_word' id='word_1_115' title='bbox 751 1235 864 1302; x_wconf 81' lang='lat' dir='ltr'><em>positam,</em></span> 
     </span>
     <span class='ocr_line' id='line_1_15' title="bbox 119 1308 864 1378; baseline 0.001 -18"><span class='ocrx_word' id='word_1_116' title='bbox 119 1308 145 1360; x_wconf 74' lang='lat' dir='ltr'><em>dt</em></span> <span class='ocrx_word' id='word_1_117' title='bbox 167 1312 306 1360; x_wconf 84' lang='lat' dir='ltr'><em>imminenti</em></span> <span class='ocrx_word' id='word_1_118' title='bbox 330 1311 396 1360; x_wconf 86' lang='lat' dir='ltr'><em>mole</em></span> <span class='ocrx_word' id='word_1_119' title='bbox 426 1310 542 1373; x_wconf 69' lang='lat' dir='ltr'><em>tibertaii,</em></span> <span class='ocrx_word' id='word_1_120' title='bbox 569 1311 655 1374; x_wconf 79' lang='lat' dir='ltr'><em>agitat.</em></span> <span class='ocrx_word' id='word_1_121' title='bbox 690 1314 783 1375; x_wconf 84' lang='lat' dir='ltr'><em>Magna</em></span> <span class='ocrx_word' id='word_1_122' title='bbox 808 1327 864 1378; x_wconf 86' lang='lat' dir='ltr'><em>pars</em></span> 
     </span>
     <span class='ocr_line' id='line_1_16' title="bbox 120 1383 864 1455; baseline 0.001 -16"><span class='ocrx_word' id='word_1_123' title='bbox 120 1383 298 1454; x_wconf 43' lang='lat' dir='ltr'><em>vociferantur)</em></span> <span class='ocrx_word' id='word_1_124' title='bbox 324 1388 418 1438; x_wconf 79' lang='lat' dir='ltr'><em>Servilio</em></span> <span class='ocrx_word' id='word_1_125' title='bbox 434 1388 508 1438; x_wconf 83' lang='lat' dir='ltr'><em>Abald</em></span> <span class='ocrx_word' id='word_1_126' title='bbox 527 1396 578 1453; x_wconf 78' lang='lat' dir='ltr'><em>opus</em></span> <span class='ocrx_word' id='word_1_127' title='bbox 597 1388 643 1454; x_wconf 68' lang='lat' dir='ltr'><em>effi,</em></span> <span class='ocrx_word' id='word_1_128' title='bbox 661 1389 696 1455; x_wconf 85' lang='lat' dir='ltr'><em>qui</em></span> <span class='ocrx_word' id='word_1_129' title='bbox 715 1407 754 1438; x_wconf 83' lang='lat' dir='ltr'><em>nou</em></span> <span class='ocrx_word' id='word_1_130' title='bbox 770 1390 793 1438; x_wconf 88' lang='lat' dir='ltr'><em>iu</em></span> <span class='ocrx_word' id='word_1_131' title='bbox 810 1391 864 1440; x_wconf 85' lang='lat' dir='ltr'><em>uiu-</em></span> 
     </span>
     <span class='ocr_line' id='line_1_17' title="bbox 118 1465 863 1533; baseline 0.003 -19"><span class='ocrx_word' id='word_1_132' title='bbox 118 1467 166 1515; x_wconf 88' lang='lat' dir='ltr'><em>eula</em></span> <span class='ocrx_word' id='word_1_133' title='bbox 185 1467 231 1516; x_wconf 81' lang='lat' dir='ltr'><em>duci</em></span> <span class='ocrx_word' id='word_1_134' title='bbox 251 1465 343 1531; x_wconf 81' lang='lat' dir='ltr'><em>jubendo</em></span> <span class='ocrx_word' id='word_1_135' title='bbox 366 1467 440 1516; x_wconf 86' lang='lat' dir='ltr'><em>irritet</em></span> <span class='ocrx_word' id='word_1_136' title='bbox 457 1465 566 1533; x_wconf 82' lang='lat' dir='ltr'><em>publicum</em></span> <span class='ocrx_word' id='word_1_137' title='bbox 584 1466 670 1530; x_wconf 81' lang='lat' dir='ltr'><em>bostem,</em></span> <span class='ocrx_word' id='word_1_138' title='bbox 692 1468 733 1532; x_wconf 71' lang='lat' dir='ltr'><em>sid</em></span> <span class='ocrx_word' id='word_1_139' title='bbox 748 1467 810 1516; x_wconf 82' lang='lat' dir='ltr'><em>unius</em></span> <span class='ocrx_word' id='word_1_140' title='bbox 822 1468 863 1532; x_wconf 86' lang='lat' dir='ltr'><em>ja·</em></span> 
     </span>
     <span class='ocr_line' id='line_1_18' title="bbox 118 1541 864 1607; baseline 0.004 -17"><span class='ocrx_word' id='word_1_141' title='bbox 118 1541 180 1592; x_wconf 78' lang='lat' dir='ltr'><em>iiurd</em></span> <span class='ocrx_word' id='word_1_142' title='bbox 190 1544 246 1592; x_wconf 85' lang='lat' dir='ltr'><em>ciuis</em></span> <span class='ocrx_word' id='word_1_143' title='bbox 253 1544 319 1607; x_wconf 82' lang='lat' dir='ltr'><em>finiat</em></span> <span class='ocrx_word' id='word_1_144' title='bbox 335 1543 455 1606; x_wconf 60' lang='lat' dir='ltr'><em>ulfinum</em></span> <span class='ocrx_word' id='word_1_145' title='bbox 464 1541 550 1590; x_wconf 84' lang='lat' dir='ltr'><em>bellum.</em></span> <span class='ocrx_word' id='word_1_146' title='bbox 584 1542 731 1591; x_wconf 74' lang='lat' dir='ltr'><em>occurritur</em></span> <span class='ocrx_word' id='word_1_147' title='bbox 743 1543 774 1591; x_wconf 89' lang='lat' dir='ltr'><em>ad</em></span> <span class='ocrx_word' id='word_1_148' title='bbox 785 1544 864 1593; x_wconf 72' lang='lat' dir='ltr'><em>lenio-0</em></span> 
     </span>
    </p>

    <p class='ocr_par' dir='ltr' id='par_1_3' title="bbox 71 1619 866 1914">
     <span class='ocr_line' id='line_1_19' title="bbox 119 1619 864 1681; baseline 0.001 -12"><span class='ocrx_word' id='word_1_149' title='bbox 119 1634 172 1670; x_wconf 82' lang='lat' dir='ltr'><em>rem</em></span> <span class='ocrx_word' id='word_1_150' title='bbox 190 1620 273 1670; x_wconf 82' lang='lat' dir='ltr'><em>verbis</em></span> <span class='ocrx_word' id='word_1_151' title='bbox 290 1620 445 1681; x_wconf 82' lang='lat' dir='ltr'><em>sententiam,</em></span> <span class='ocrx_word' id='word_1_152' title='bbox 471 1620 526 1667; x_wconf 79' lang='lat' dir='ltr'><em>vim</em></span> <span class='ocrx_word' id='word_1_153' title='bbox 542 1628 625 1666; x_wconf 82' lang='lat' dir='ltr'><em>tamen</em></span> <span class='ocrx_word' id='word_1_154' title='bbox 645 1619 747 1667; x_wconf 78' lang='lat' dir='ltr'><em>eundem</em></span> <span class='ocrx_word' id='word_1_155' title='bbox 771 1620 864 1670; x_wconf 86' lang='lat' dir='ltr'><em>haben·</em></span> 
     </span>
     <span class='ocr_line' id='line_1_20' title="bbox 71 1686 864 1761; baseline -0.003 -14"><span class='ocrx_word' id='word_1_156' title='bbox 71 1686 73 1691; x_wconf 71' lang='lat'>‚</span> <span class='ocrx_word' id='word_1_157' title='bbox 119 1706 180 1760; x_wconf 78' lang='lat' dir='ltr'><em>tem,</em></span> <span class='ocrx_word' id='word_1_158' title='bbox 198 1700 232 1747; x_wconf 90' lang='lat' dir='ltr'><em>Ut</em></span> <span class='ocrx_word' id='word_1_159' title='bbox 247 1698 337 1746; x_wconf 82' lang='lat' dir='ltr'><em>videant</em></span> <span class='ocrx_word' id='word_1_160' title='bbox 353 1695 505 1761; x_wconf 80' lang='lat' dir='ltr'><em>magistratus,·</em></span> <span class='ocrx_word' id='word_1_161' title='bbox 515 1709 541 1742; x_wconf 87' lang='lat' dir='ltr'><em>ue</em></span> <span class='ocrx_word' id='word_1_162' title='bbox 562 1694 611 1759; x_wconf 78' lang='lat' dir='ltr'><em>quid</em></span> <span class='ocrx_word' id='word_1_163' title='bbox 625 1709 655 1743; x_wconf 76' lang='lat' dir='ltr'><em>eu</em></span> <span class='ocrx_word' id='word_1_164' title='bbox 670 1695 791 1760; x_wconf 80' lang='lat' dir='ltr'><em>peruiciofis</em></span> <span class='ocrx_word' id='word_1_165' title='bbox 814 1712 864 1745; x_wconf 84' lang='lat' dir='ltr'><em>cou-</em></span> 
     </span>
     <span class='ocr_line' id='line_1_21' title="bbox 113 1769 864 1838; baseline -0.001 -16"><span class='ocrx_word' id='word_1_166' title='bbox 113 1775 169 1838; x_wconf 82' lang='lat' dir='ltr'><em>filiis</em></span> <span class='ocrx_word' id='word_1_167' title='bbox 181 1774 224 1822; x_wconf 93' lang='lat' dir='ltr'><em>M.</em></span> <span class='ocrx_word' id='word_1_168' title='bbox 237 1772 325 1821; x_wconf 76' lang='lat' dir='ltr'><em>Manlii</em></span> <span class='ocrx_word' id='word_1_169' title='bbox 335 1769 449 1836; x_wconf 79' lang='lat' dir='ltr'><em>respublica</em></span> <span class='ocrx_word' id='word_1_170' title='bbox 460 1770 582 1826; x_wconf 76' lang='lat' dir='ltr'><em>detrimenti</em></span> <span class='ocrx_word' id='word_1_171' title='bbox 589 1769 672 1833; x_wconf 70' lang='lat' dir='ltr'><em>rapiat.</em></span> <span class='ocrx_word' id='word_1_172' title='bbox 708 1771 777 1818; x_wconf 85' lang='lat' dir='ltr'><em>Tum</em></span> <span class='ocrx_word' id='word_1_173' title='bbox 788 1771 864 1821; x_wconf 88' lang='lat' dir='ltr'><em>tribu·</em></span> 
     </span>
     <span class='ocr_line' id='line_1_22' title="bbox 119 1844 866 1914; baseline -0.001 -15"><span class='ocrx_word' id='word_1_174' title='bbox 119 1846 145 1899; x_wconf 82' lang='lat' dir='ltr'><em>ni</em></span> <span class='ocrx_word' id='word_1_175' title='bbox 157 1848 278 1899; x_wconf 85' lang='lat' dir='ltr'><em>consulari</em></span> <span class='ocrx_word' id='word_1_176' title='bbox 296 1848 421 1914; x_wconf 83' lang='lat' dir='ltr'><em>potestate,</em></span> <span class='ocrx_word' id='word_1_177' title='bbox 438 1846 581 1909; x_wconf 82' lang='lat' dir='ltr'><em>tribunique</em></span> <span class='ocrx_word' id='word_1_178' title='bbox 594 1845 658 1910; x_wconf 86' lang='lat' dir='ltr'><em>plebi</em></span> <span class='ocrx_word' id='word_1_179' title='bbox 676 1844 743 1905; x_wconf 83' lang='lat' dir='ltr'><strong>(nam</strong></span> <span class='ocrx_word' id='word_1_180' title='bbox 755 1846 787 1909; x_wconf 77' lang='lat' dir='ltr'><em>dt,</em></span> <span class='ocrx_word' id='word_1_181' title='bbox 805 1849 866 1912; x_wconf 81' lang='lat' dir='ltr'><em>quia</em></span> 
     </span>
    </p>
   </div>
   <div class='ocr_carea' id='block_1_2' title="bbox 118 1918 879 2147">
    <p class='ocr_par' dir='ltr' id='par_1_4' title="bbox 118 1918 879 2147">
     <span class='ocr_line' id='line_1_23' title="bbox 119 1918 879 1994; baseline -0.008 -18"><span class='ocrx_word' id='word_1_182' title='bbox 119 1925 224 1976; x_wconf 86' lang='lat' dir='ltr'><em>eundem</em></span> <span class='ocrx_word' id='word_1_183' title='bbox 235 1927 260 1975; x_wconf 68' lang='grc' dir='ltr'><strong>ἃ</strong></span> <span class='ocrx_word' id='word_1_184' title='bbox 271 1922 319 1974; x_wconf 79' lang='lat' dir='ltr'><em>suae</em></span> <span class='ocrx_word' id='word_1_185' title='bbox 328 1922 462 1991; x_wconf 79' lang='lat' dir='ltr'><em>potestatis,</em></span> <span class='ocrx_word' id='word_1_186' title='bbox 478 1921 552 1994; x_wconf 81' lang='lat' dir='ltr'><em>quem</em></span> <span class='ocrx_word' id='word_1_187' title='bbox 562 1921 688 1989; x_wconf 26' lang='lat' dir='ltr'><em>libertatis·</em></span> <span class='ocrx_word' id='word_1_188' title='bbox 699 1924 820 1988; x_wconf 87' lang='lat' dir='ltr'><em>omnium,</em></span> <span class='ocrx_word' id='word_1_189' title='bbox 837 1918 879 1976; x_wconf 84' lang='lat' dir='ltr'><em>fi.&#39;</em></span> 
     </span>
     <span class='ocr_line' id='line_1_24' title="bbox 118 1996 866 2067; baseline -0.003 -13"><span class='ocrx_word' id='word_1_190' title='bbox 118 2018 176 2054; x_wconf 87' lang='lat' dir='ltr'><em>nem</em></span> <span class='ocrx_word' id='word_1_191' title='bbox 191 2002 331 2064; x_wconf 83' lang='lat' dir='ltr'><em>cernebant,</em></span> <span class='ocrx_word' id='word_1_192' title='bbox 349 2003 449 2050; x_wconf 83' lang='lat' dir='ltr'><em>Patrum</em></span> <span class='ocrx_word' id='word_1_193' title='bbox 465 1997 606 2048; x_wconf 73' lang='lat' dir='ltr'><em>austeritati</em></span> <span class='ocrx_word' id='word_1_194' title='bbox 625 1996 650 2047; x_wconf 89' lang='lat' dir='ltr'><em>se</em></span> <span class='ocrx_word' id='word_1_195' title='bbox 669 1997 820 2067; x_wconf 84' lang='lat' dir='ltr'><em>dediderant)</em></span> <span class='ocrx_word' id='word_1_196' title='bbox 837 2004 866 2057; x_wconf 85' lang='lat' dir='ltr'><em>hi</em></span> 
     </span>
     <span class='ocr_line' id='line_1_25' title="bbox 119 2072 866 2147; baseline -0.003 -16"><span class='ocrx_word' id='word_1_197' title='bbox 119 2092 173 2131; x_wconf 84' lang='lat' dir='ltr'><em>tum</em></span> <span class='ocrx_word' id='word_1_198' title='bbox 185 2096 278 2144; x_wconf 87' lang='lat' dir='ltr'>omnes,</span> <span class='ocrx_word' id='word_1_199' title='bbox 295 2078 354 2147; x_wconf 89' lang='lat' dir='ltr'><em>quid</em></span> <span class='ocrx_word' id='word_1_200' title='bbox 369 2088 435 2147; x_wconf 78' lang='lat' dir='ltr'><em>opus·</em></span> <span class='ocrx_word' id='word_1_201' title='bbox 448 2072 515 2128; x_wconf 70' lang='lat' dir='ltr'><em>iaiio&#39;</em></span> <span class='ocrx_word' id='word_1_202' title='bbox 524 2077 569 2141; x_wconf 83' lang='lat' dir='ltr'><em>¹sit,</em></span> <span class='ocrx_word' id='word_1_203' title='bbox 596 2075 742 2128; x_wconf 78' lang='lat' dir='ltr'><em>consultant.</em></span> <span class='ocrx_word' id='word_1_204' title='bbox 778 2083 866 2144; x_wconf 78' lang='lat' dir='ltr'><em>Quum</em></span> 
     </span>
    </p>
   </div>
   <div class='ocr_carea' id='block_1_3' title="bbox 112 2156 865 3144">
    <p class='ocr_par' dir='ltr' id='par_1_5' title="bbox 112 2156 865 3144">
     <span class='ocr_line' id='line_1_26' title="bbox 118 2156 864 2228; baseline 0.001 -19"><span class='ocrx_word' id='word_1_205' title='bbox 118 2167 207 2228; x_wconf 79' lang='lat' dir='ltr'><em>praeter</em></span> <span class='ocrx_word' id='word_1_206' title='bbox 226 2159 279 2209; x_wconf 89' lang='lat' dir='ltr'><em>vim</em></span> <span class='ocrx_word' id='word_1_207' title='bbox 295 2159 320 2209; x_wconf 75' lang='grc' dir='ltr'><em>δι</em></span> <span class='ocrx_word' id='word_1_208' title='bbox 339 2156 430 2209; x_wconf 83' lang='lat' dir='ltr'><em>caedem</em></span> <span class='ocrx_word' id='word_1_209' title='bbox 444 2157 505 2206; x_wconf 75' lang='lat' dir='ltr'><em>nihii</em></span> <span class='ocrx_word' id='word_1_210' title='bbox 517 2157 632 2222; x_wconf 84' lang='lat' dir='ltr'><em>cuiquam</em></span> <span class='ocrx_word' id='word_1_211' title='bbox 643 2167 791 2222; x_wconf 83' lang='lat' dir='ltr'><em>occurreret,</em></span> <span class='ocrx_word' id='word_1_212' title='bbox 807 2173 864 2210; x_wconf 85' lang='lat' dir='ltr'><em>eam</em></span> 
     </span>
     <span class='ocr_line' id='line_1_27' title="bbox 118 2235 865 2303; baseline 0.004 -16"><span class='ocrx_word' id='word_1_213' title='bbox 118 2242 201 2287; x_wconf 77' lang='lat' dir='ltr'><em>utitem</em></span> <span class='ocrx_word' id='word_1_214' title='bbox 213 2238 318 2301; x_wconf 75' lang='lat' dir='ltr'><em>ingentii</em></span> <span class='ocrx_word' id='word_1_215' title='bbox 329 2236 493 2287; x_wconf 75' lang='lat' dir='ltr'><em>dimicationis</em></span> <span class='ocrx_word' id='word_1_216' title='bbox 509 2235 564 2286; x_wconf 71' lang='lat' dir='ltr'><em>sore</em></span> <span class='ocrx_word' id='word_1_217' title='bbox 577 2247 722 2303; x_wconf 78' lang='lat' dir='ltr'><em>appareret3</em></span> <span class='ocrx_word' id='word_1_218' title='bbox 748 2247 802 2288; x_wconf 82' lang='lat' dir='ltr'><em>tum</em></span> <span class='ocrx_word' id='word_1_219' title='bbox 822 2242 865 2290; x_wconf 87' lang='grc' dir='ltr'><em>Μ.</em></span> 
     </span>
     <span class='ocr_line' id='line_1_28' title="bbox 119 2313 865 2380; baseline 0.004 -17"><span class='ocrx_word' id='word_1_220' title='bbox 119 2315 224 2364; x_wconf 68' lang='lat' dir='ltr'><em>Manius</em></span> <span class='ocrx_word' id='word_1_221' title='bbox 235 2313 260 2362; x_wconf 70' lang='grc' dir='ltr'><strong><em>ἃ</em></strong></span> <span class='ocrx_word' id='word_1_222' title='bbox 273 2318 306 2379; x_wconf 75' lang='lat' dir='ltr'><em>Q.</em></span> <span class='ocrx_word' id='word_1_223' title='bbox 319 2313 435 2364; x_wconf 85' lang='lat' dir='ltr'><em>Publilius</em></span> <span class='ocrx_word' id='word_1_224' title='bbox 449 2314 542 2363; x_wconf 83' lang='lat' dir='ltr'><em>tribuni</em></span> <span class='ocrx_word' id='word_1_225' title='bbox 554 2314 640 2380; x_wconf 76' lang='lat' dir='ltr'><em>plebis,</em></span> <span class='ocrx_word' id='word_1_226' title='bbox 657 2314 719 2380; x_wconf 63' lang='lat' dir='ltr'><em>Quid</em></span> <span class='ocrx_word' id='word_1_227' title='bbox 730 2317 823 2364; x_wconf 79' lang='lat' dir='ltr'><em>Parrum</em></span> <span class='ocrx_word' id='word_1_228' title='bbox 835 2317 865 2367; x_wconf 77' lang='lat' dir='ltr'><em>dr</em></span> 
     </span>
     <span class='ocr_line' id='line_1_29' title="bbox 114 2391 865 2461; baseline 0.005 -22"><span class='ocrx_word' id='word_1_229' title='bbox 114 2391 183 2461; x_wconf 85' lang='lat' dir='ltr'><em>plebis</em></span> <span class='ocrx_word' id='word_1_230' title='bbox 201 2400 308 2440; x_wconf 74' lang='lat' dir='ltr'><em>certarnen</em></span> <span class='ocrx_word' id='word_1_231' title='bbox 317 2392 422 2455; x_wconf 79' lang='lat' dir='ltr'><em>facimus,</em></span> <span class='ocrx_word' id='word_1_232' title='bbox 438 2392 491 2458; x_wconf 79' lang='lat' dir='ltr'><em>quud</em></span> <span class='ocrx_word' id='word_1_233' title='bbox 505 2393 602 2441; x_wconf 85' lang='lat' dir='ltr'><em>civitatis</em></span> <span class='ocrx_word' id='word_1_234' title='bbox 621 2391 660 2459; x_wconf 63' lang='lat' dir='ltr'><em>ff</em></span> <span class='ocrx_word' id='word_1_235' title='bbox 677 2393 779 2458; x_wconf 84' lang='lat' dir='ltr'><em>adverfies</em></span> <span class='ocrx_word' id='word_1_236' title='bbox 797 2411 865 2443; x_wconf 82' lang='lat' dir='ltr'><em>uuum</em></span> 
     </span>
     <span class='ocr_line' id='line_1_30' title="bbox 114 2465 865 2534; baseline 0.008 -21"><span class='ocrx_word' id='word_1_237' title='bbox 114 2465 244 2533; x_wconf 82' lang='lat' dir='ltr'><em>pestiferum</em></span> <span class='ocrx_word' id='word_1_238' title='bbox 254 2469 325 2515; x_wconf 87' lang='lat' dir='ltr'><em>civem</em></span> <span class='ocrx_word' id='word_1_239' title='bbox 336 2467 417 2516; x_wconf 82' lang='lat' dir='ltr'><em>debet?</em></span> <span class='ocrx_word' id='word_1_240' title='bbox 452 2469 513 2532; x_wconf 68' lang='lat' dir='ltr'><em>Quid</em></span> <span class='ocrx_word' id='word_1_241' title='bbox 524 2484 573 2516; x_wconf 84' lang='lat' dir='ltr'><em>eum</em></span> <span class='ocrx_word' id='word_1_242' title='bbox 581 2468 642 2534; x_wconf 86' lang='lat' dir='ltr'><em>plebe</em></span> <span class='ocrx_word' id='word_1_243' title='bbox 657 2469 795 2534; x_wconf 75' lang='lat' dir='ltr'><em>aggredimur</em></span> <span class='ocrx_word' id='word_1_244' title='bbox 805 2487 865 2534; x_wconf 81' lang='lat' dir='ltr'><em>eum,</em></span> 
     </span>
     <span class='ocr_line' id='line_1_31' title="bbox 117 2544 864 2611; baseline 0.007 -19"><span class='ocrx_word' id='word_1_245' title='bbox 117 2555 180 2611; x_wconf 83' lang='lat' dir='ltr'><em>quem</em></span> <span class='ocrx_word' id='word_1_246' title='bbox 188 2554 230 2609; x_wconf 89' lang='lat' dir='ltr'><em>per</em></span> <span class='ocrx_word' id='word_1_247' title='bbox 240 2544 309 2608; x_wconf 82' lang='lat' dir='ltr'><em>ipsam</em></span> <span class='ocrx_word' id='word_1_248' title='bbox 317 2545 400 2608; x_wconf 86' lang='lat' dir='ltr'><em>plebem</em></span> <span class='ocrx_word' id='word_1_249' title='bbox 410 2546 476 2594; x_wconf 91' lang='lat' dir='ltr'><em>tutius</em></span> <span class='ocrx_word' id='word_1_250' title='bbox 485 2546 576 2611; x_wconf 80' lang='lat' dir='ltr'><em>aggredi</em></span> <span class='ocrx_word' id='word_1_251' title='bbox 592 2544 630 2607; x_wconf 81' lang='lat' dir='ltr'><em>est,</em></span> <span class='ocrx_word' id='word_1_252' title='bbox 647 2554 671 2593; x_wconf 90' lang='lat' dir='ltr'><em>ut</em></span> <span class='ocrx_word' id='word_1_253' title='bbox 675 2547 722 2611; x_wconf 83' lang='lat' dir='ltr'><em>suis</em></span> <span class='ocrx_word' id='word_1_254' title='bbox 732 2547 777 2611; x_wconf 86' lang='lat' dir='ltr'><em>ipse</em></span> <span class='ocrx_word' id='word_1_255' title='bbox 786 2563 864 2597; x_wconf 84' lang='lat' dir='ltr'><em>onera·</em></span> 
     </span>
     <span class='ocr_line' id='line_1_32' title="bbox 118 2620 865 2686; baseline 0.007 -15"><span class='ocrx_word' id='word_1_256' title='bbox 118 2631 153 2671; x_wconf 83' lang='lat' dir='ltr'><em>tus</em></span> <span class='ocrx_word' id='word_1_257' title='bbox 167 2620 249 2670; x_wconf 79' lang='lat' dir='ltr'><em>viribus</em></span> <span class='ocrx_word' id='word_1_258' title='bbox 260 2622 332 2669; x_wconf 84' lang='lat' dir='ltr'><em>ruat?</em></span> <span class='ocrx_word' id='word_1_259' title='bbox 365 2622 434 2671; x_wconf 88' lang='lat' dir='ltr'><em>Diem</em></span> <span class='ocrx_word' id='word_1_260' title='bbox 445 2623 544 2670; x_wconf 84' lang='lat' dir='ltr'><em>dicereei</em></span> <span class='ocrx_word' id='word_1_261' title='bbox 560 2620 616 2671; x_wconf 83' lang='lat' dir='ltr'><em>uubis</em></span> <span class='ocrx_word' id='word_1_262' title='bbox 633 2622 736 2671; x_wconf 83' lang='lat' dir='ltr'><em>inanimo</em></span> <span class='ocrx_word' id='word_1_263' title='bbox 747 2625 785 2686; x_wconf 83' lang='lat' dir='ltr'><em>est.</em></span> <span class='ocrx_word' id='word_1_264' title='bbox 810 2624 865 2677; x_wconf 85' lang='lat' dir='ltr'><em>nibil</em></span> 
     </span>
     <span class='ocr_line' id='line_1_33' title="bbox 118 2697 865 2767; baseline 0.005 -19"><span class='ocrx_word' id='word_1_265' title='bbox 118 2698 189 2748; x_wconf 73' lang='lat' dir='ltr'><em>ninus</em></span> <span class='ocrx_word' id='word_1_266' title='bbox 196 2697 300 2764; x_wconf 88' lang='lat' dir='ltr'><em>populare</em></span> <span class='ocrx_word' id='word_1_267' title='bbox 310 2699 374 2764; x_wconf 73' lang='lat' dir='ltr'><em>quim</em></span> <span class='ocrx_word' id='word_1_268' title='bbox 384 2715 472 2767; x_wconf 83' lang='lat' dir='ltr'><em>regnum</em></span> <span class='ocrx_word' id='word_1_269' title='bbox 483 2698 520 2762; x_wconf 79' lang='lat' dir='ltr'><em>est.</em></span> <span class='ocrx_word' id='word_1_270' title='bbox 556 2699 626 2748; x_wconf 83' lang='lat' dir='ltr'><em>Simul</em></span> <span class='ocrx_word' id='word_1_271' title='bbox 642 2699 753 2748; x_wconf 82' lang='lat' dir='ltr'><em>multitudo</em></span> <span class='ocrx_word' id='word_1_272' title='bbox 769 2700 807 2749; x_wconf 88' lang='lat' dir='ltr'><em>illa</em></span> <span class='ocrx_word' id='word_1_273' title='bbox 822 2719 865 2752; x_wconf 81' lang='lat' dir='ltr'><em>nun</em></span> 
     </span>
     <span class='ocr_line' id='line_1_34' title="bbox 112 2774 863 2842; baseline 0.005 -19"><span class='ocrx_word' id='word_1_274' title='bbox 112 2777 187 2842; x_wconf 82' lang='lat' dir='ltr'><em>secum</em></span> <span class='ocrx_word' id='word_1_275' title='bbox 203 2776 283 2823; x_wconf 84' lang='lat' dir='ltr'><em>certari</em></span> <span class='ocrx_word' id='word_1_276' title='bbox 299 2774 403 2838; x_wconf 83' lang='lat' dir='ltr'><em>viderint,</em></span> <span class='ocrx_word' id='word_1_277' title='bbox 421 2776 448 2826; x_wconf 76' lang='lat' dir='ltr'><em>dr</em></span> <span class='ocrx_word' id='word_1_278' title='bbox 465 2792 491 2824; x_wconf 82' lang='lat' dir='ltr'><em>ex</em></span> <span class='ocrx_word' id='word_1_279' title='bbox 504 2775 615 2824; x_wconf 82' lang='lat' dir='ltr'><em>advocatis</em></span> <span class='ocrx_word' id='word_1_280' title='bbox 619 2776 703 2839; x_wconf 81' lang='lat' dir='ltr'><em>judices</em></span> <span class='ocrx_word' id='word_1_281' title='bbox 717 2776 778 2840; x_wconf 77' lang='lat' dir='ltr'><em>fadi</em></span> <span class='ocrx_word' id='word_1_282' title='bbox 793 2787 863 2841; x_wconf 85' lang='lat' dir='ltr'><em>erunt,</em></span> 
     </span>
     <span class='ocr_line' id='line_1_35' title="bbox 119 2851 862 2918; baseline 0.001 -16"><span class='ocrx_word' id='word_1_283' title='bbox 119 2852 147 2902; x_wconf 67' lang='lat' dir='ltr'><em>b</em></span> <span class='ocrx_word' id='word_1_284' title='bbox 164 2851 290 2917; x_wconf 78' lang='lat' dir='ltr'><em>attufittures</em></span> <span class='ocrx_word' id='word_1_285' title='bbox 304 2851 330 2898; x_wconf 92' lang='lat' dir='ltr'><em>de</em></span> <span class='ocrx_word' id='word_1_286' title='bbox 343 2852 411 2918; x_wconf 90' lang='lat' dir='ltr'><em>plebe,</em></span> <span class='ocrx_word' id='word_1_287' title='bbox 426 2852 543 2916; x_wconf 85' lang='lat' dir='ltr'><em>patricium</em></span> <span class='ocrx_word' id='word_1_288' title='bbox 557 2866 616 2899; x_wconf 88' lang='lat' dir='ltr'><em>reum</em></span> <span class='ocrx_word' id='word_1_289' title='bbox 633 2851 771 2914; x_wconf 53' lang='lat' dir='ltr'><em>iudueburutun</em></span> <span class='ocrx_word' id='word_1_290' title='bbox 787 2854 815 2902; x_wconf 78' lang='lat' dir='ltr'><em>dr</em></span> <span class='ocrx_word' id='word_1_291' title='bbox 825 2870 862 2903; x_wconf 87' lang='lat' dir='ltr'><em>re-</em></span> 
     </span>
     <span class='ocr_line' id='line_1_36' title="bbox 114 2923 862 3004; baseline 0.004 -25"><span class='ocrx_word' id='word_1_292' title='bbox 114 2929 156 2995; x_wconf 81' lang='lat' dir='ltr'><em>gui</em></span> <span class='ocrx_word' id='word_1_293' title='bbox 175 2928 255 2982; x_wconf 81' lang='lat' dir='ltr'><em>crimen</em></span> <span class='ocrx_word' id='word_1_294' title='bbox 270 2930 294 2983; x_wconf 87' lang='lat' dir='ltr'><em>t&#39;rt</em></span> <span class='ocrx_word' id='word_1_295' title='bbox 304 2926 386 3004; x_wconf 53' lang='lat' dir='ltr'><em>medin</em></span> <span class='ocrx_word' id='word_1_296' title='bbox 402 2929 455 2981; x_wconf 74' lang='lat' dir='ltr'><em>tulli</em></span> <span class='ocrx_word' id='word_1_297' title='bbox 463 2923 541 2999; x_wconf 53' lang='lat' dir='ltr'><em>mugisj</em></span> <span class='ocrx_word' id='word_1_298' title='bbox 557 2930 622 2998; x_wconf 75' lang='lat' dir='ltr'><em>quum</em></span> <span class='ocrx_word' id='word_1_299' title='bbox 631 2928 732 2995; x_wconf 76' lang='lat' dir='ltr'><em>libertati,</em></span> <span class='ocrx_word' id='word_1_300' title='bbox 744 2929 862 2999; x_wconf 73' lang='lat' dir='ltr'><em>favebunt,</em></span> 
     </span>
     <span class='ocr_line' id='line_1_37' title="bbox 114 3005 860 3144; baseline 0.007 -21"><span class='ocrx_word' id='word_1_301' title='bbox 114 3005 159 3123; x_wconf 40' lang='lat' dir='ltr'><em>fl?</em></span> <span class='ocrx_word' id='word_1_302' title='bbox 453 3075 488 3140; x_wconf 78' lang='lat' dir='ltr'><em>Q,</em></span> <span class='ocrx_word' id='word_1_303' title='bbox 730 3073 790 3128; x_wconf 83' lang='lat' dir='ltr'><em>XX.</em></span> <span class='ocrx_word' id='word_1_304' title='bbox 808 3077 860 3144; x_wconf 76' lang='lat' dir='ltr'><em>Ap·</em></span> 
     </span>
    </p>
   </div>
   <div class='ocr_carea' id='block_1_4' title="bbox 0 0 990 3660">
    <p class='ocr_par' dir='ltr' id='par_1_6' title="bbox 0 0 990 3660">
     <span class='ocr_line' id='line_1_38' title="bbox 0 0 990 3660; baseline 0 0"><span class='ocrx_word' id='word_1_305' title='bbox 0 0 990 3660; x_wconf 95' lang='lat' dir='ltr'><em> </em></span> 
     </span>
    </p>
   </div>
  </div>
 </body>
</html>
