1964 3660
326 250 492 303 LIBER
525 211 646 305 I..
780 273 811 319 ςι

64 333 120 391 rum
130 331 208 391 fuiss'e
243 336 284 391 Ad
295 356 348 392 eam
358 333 540 393 multitudinem
550 341 608 396 urbs
618 326 716 410 quoque
726 333 835 417 ampli-vu
880 336 900 351 '‘
912 340 925 355 ''

64 417 161 468 ficanda
173 416 224 467 visa
236 417 277 468 est
303 417 380 469 Addit
391 419 451 470 duos
468 420 550 486 colles,
569 421 721 484 Quirinalem
733 424 813 475 Vimi-

63 495 200 575 palemque.
217 494 274 545 inde
293 495 406 562 deinceps
422 507 496 564 auget
509 461 643 563 Esquilias:
661 497 744 563 ibique
754 499 813 567 ipse,

19 596 22 602 ·
63 582 94 620 ut
102 571 158 622 loco
167 570 272 636 dignitas
283 572 359 638 fieret,
371 573 474 623 habitat.
503 571 845 638 Aggere&soilu&mu·

61 663 94 699 ιο
102 649 236 699 circumdat
247 647 340 700 urbem
368 649 404 699 ita
414 648 558 718 pomoerium
568 649 670 723 profert.
698 653 815 704 Pomoeri-

63 737 114 788 um,
131 724 238 773 verbi
213 739 265 774 vim
277 723 352 775 solam
362 725 495 788 intuentes,
513 719 699 793 postmoerium
693 722 824 808 interpre
958 732 960 737 ’

63 797 147 848 tantm
155 796 210 847 esse
245 799 285 848 Eli
293 810 376 849 autem
383 801 459 864 magis
469 801 533 849 circa
543 815 640 850 murum
650 801 727 866 locus,
740 819 814 870 quem
836 757 882 854 †

63 873 91 924 1ι1
102 875 233 927 condendis
243 877 343 927 urbibus
355 878 480 943 quondam
488 878 590 944 Etrusci,
605 878 654 945 qui
663 895 760 930 murum
768 881 813 932 du-

61 947 124 1003 siuri
140 965 217 1030 erant,
235 956 305 1004 certis
317 956 382 1005 circa
397 956 505 1006 terminis
523 958 671 1020 inaugurato
687 956 827 1010 consecra-

62 1027 138 1079 bant:
155 1042 184 1079 ιιι
194 1021 271 1098 ireque
279 1031 395 1083 interiore
405 1043 474 1099 parte
488 1032 592 1082 aedificia
601 1033 721 1083 moenibus
732 1034 828 1086 eonti-

62 1116 204 1175 ditarentur,
221 1128 274 1200 quae
290 1128 357 1164 nunc
368 1113 445 1177 vulgo
456 1113 530 1160 etiam
542 1109 714 1185 conjungunt;
731 1110 757 1162 8<
768 1109 828 1164 ex?

62 1184 179 1236 trinsecus
187 1203 242 1255 pun
235 1189 343 1263 aliquid
353 1189 386 1239 ab
395 1190 503 1255 humano
512 1187 579 1238 cultu
587 1199 681 1256 pateret
690 1181 744 1239 soli.
756 1174 831 1264 Hoc

62 1262 176 1328 spatium,
193 1264 259 1330 quod
269 1267 469 1332 nequebabitari,
486 1281 563 1332 neque
574 1281 638 1315 arari
630 1263 752 1331 ¹,saserat
761 1282 825 1325 non,

61 1341 139 1404 magis
151 1342 217 1407 qubd
225 1343 277 1410 post
285 1360 381 1395 ιιιιιιιιιιι
391 1343 455 1408 esset,
465 1348 537 1408 quam
548 1340 614 1409 qubd
622 1358 705 1392 murus
716 1343 769 1411 post
777 1340 825 1408 id,‘

62 1419 206 1479 pomoerium
217 1420 322 1470 Romani
330 1420 489 1489 appellirunt.
514 1419 554 1468 δι’
548 1434 573 1469 ιιι
584 1418 669 1469 urbis
663 1430 813 1471 incremento

60 1489 161 1579 semper,
179 1504 296 1558 quantum
309 1495 398 1544 moenia
412 1491 548 1562 processura
564 1504 640 1560 erant,
658 1504 752 1545 tanttun
764 1505 811 1546 ιιι·

59 1566 121 1618 nini
133 1569 158 1617 hi
171 1568 305 1622 consecrati
317 1571 513 1639 proiciebantur.
814 1630 825 1643 Ἴ

95 1646 177 1695 XLV
196 1646 274 1697 Auila
285 1648 386 1698 civitate
397 1645 563 1712 magnitudine
570 1643 645 1711 urbis,
662 1644 773 1698 formatis
782 1664 811 1700 o·

60 1721 158 1791 mnibus
166 1715 232 1774 do'mi
240 1725 264 1774 dr
272 1724 303 1774 ad
313 1724 402 1776 belli&
410 1724 440 1774 ad
449 1724 515 1795 pacis
526 1722 590 1787 usus,
599 1737 629 1771 ne
638 1721 731 1792 semper
739 1727 812 1778 armis

59 1812 120 1864 opes
130 1800 320 1871 acquirerentur,
337 1801 438 1853 consilio
454 1815 545 1865 augere
561 1801 691 1869 imperium
708 1811 812 1854 conatus

59 1874 102 1937 est,
119 1875 186 1926 simul
198 1877 223 1927 δι
234 1876 333 1943 aliquod
344 1877 433 1927 addere
442 1877 499 1926 urbi
508 1875 589 1930 decus.
623 1877 680 1939 Jam
691 1884 744 1924 tum
760 1881 814 1925 erat

59 1949 182 2017 inelyttun
191 1953 278 2000 Dianae
288 1950 396 2017 prefiae
407 1949 505 2000 sanum:
518 1947 542 1997 id
551 1948 714 1998 communiter
723 1952 739 1997 a
749 1949 812 1998 civi·
823 2010 826 2019 Ι

59 2027 150 2076 tatibus
168 2026 231 2077 Astae
244 2025 335 2076 saslum
351 2021 531 2093 sumaserebat.
567 2027 652 2087 Quum
670 2021 826 2075 consensum'

58 2101 174 2168 Deosque
185 2100 340 2152 consociatos
351 2099 460 2150 laudaret
474 2099 535 2152 mire
543 2095 646 2148 'servius
654 2098 717 2148 inter
725 2111 813 2167 proce·
837 2088 841 2103 ¹

58 2189 96 2226 res
105 2178 258 2241 Latinorum,
276 2192 334 2227 cum
347 2175 436 2242 quibus
450 2173 546 2244 publici:
554 2173 717 2243 privatimque
728 2173 825 2248 hospi-⁴¹

59 2253 95 2303 tia
111 2253 276 2320 amicitiasque
294 2253 324 2303 de
338 2253 453 2304 industria
469 2252 586 2318 junxerat
592 2271 600 2314 ;
617 2251 678 2319 saepe
697 2252 810 2308 iterando

58 2330 144 2380 ea'dem
160 2331 265 2399 perpulit
281 2330 388 2396 tandem,
404 2341 433 2382 ut
451 2335 536 2382 Romae
557 2329 641 2380 sanum
657 2330 745 2383 Diana'r
763 2345 810 2399 po·

59 2399 111 2476 puli
128 2410 211 2459 Latini
230 2424 286 2459 cum
301 2409 394 2478 populo
413 2411 526 2459 Romano
544 2405 661 2459 lacerent.
700 2411 738 2457 Ea
757 2419 811 2471 erat

58 2485 182 2552 conscilio,
198 2495 271 2552 caput
281 2500 361 2536 rerum
375 2488 481 2535 Romam
497 2481 551 2548 elle,
568 2483 597 2534 dc
617 2501 667 2551 quo
679 2485 753 2535 toties
769 2499 808 2535 ar-

58 2563 104 2612 mis
115 2573 235 2614 certatum
244 2554 333 2612 suerat.
358 2561 397 2613 'Id
408 2578 545 2628 quanquam
556 2561 668 2612 omiffum
673 2561 726 2625 jam
736 2575 769 2614 ex
779 2572 809 2611 o-

58 2639 153 2689 mnium
163 2634 225 2690 'cura
233 2639 397 2703 Latinorum
405 2639 439 2689 ob
450 2654 501 2689 rem
509 2640 582 2690 toties
591 2638 721 2688 infeliciter
730 2647 809 2685 tenta-

57 2714 197 2780 ta'marmis,
214 2711 358 2775 videbatur;
374 2715 417 2763 uni
432 2713 458 2764 se
471 2729 504 2765 ex
515 2713 608 2764 Sabinis
620 2712 670 2764 sors
687 2711 744 2760 dare
755 2709 810 2761 visa

57 2791 91 2841 est
105 2790 204 2860 privato
214 2788 331 2841 consilio'
324 2791 421 2858 imperii
413 2789 596 2858 'reciperandi
622 2788 688 2838 Bos'
681 2802 707 2836 ιιι
716 2785 810 2839 Sabinis

56 2876 115 2918 nata
127 2865 223 2916 cuidam
234 2858 396 2934 pairisamiliae
407 2865 505 2928 dicitur,
522 2861 632 2915 mirandi
640 2863 809 2951 magnitudine

56 2956 86 2993 ae
101 2940 190 3009 speeie
224 2944 293 2994 Pina
298 2941 440 3010 permultas
453 2950 535 2991 aetates
545 2953 638 2990 cornua
649 2939 675 2990 in
685 2939 807 2996 vestibulo

55 3018 140 3089 templi
148 3017 235 3073 Diana
244 3015 467 3072 ιιιοιιιιιιιιιιιιιιιιι
475 3012 543 3069 suere
551 3014 680 3074 muacule.
704 3017 806 3085 Habita,

418 3095 477 3148 ‘Ca
775 3100 807 3146 ut
