<?xml version="1.0" encoding="UTF-8"?>
<!DOCTYPE html PUBLIC "-//W3C//DTD XHTML 1.0 Transitional//EN"
    "http://www.w3.org/TR/xhtml1/DTD/xhtml1-transitional.dtd">
<html xmlns="http://www.w3.org/1999/xhtml" xml:lang="en" lang="en">
 <head>
  <title>
</title>
<meta http-equiv="Content-Type" content="text/html;charset=utf-8" />
  <meta name='ocr-system' content='tesseract 3.04.00' />
  <meta name='ocr-capabilities' content='ocr_page ocr_carea ocr_par ocr_line ocrx_word'/>
</head>
<body>
  <div class='ocr_page' id='page_1' title='image "./titiliviipatavi00livygoog_0055.png"; bbox 0 0 1964 3660; ppageno 0'>
   <div class='ocr_carea' id='block_1_1' title="bbox 13 152 929 3017">
    <p class='ocr_par' dir='ltr' id='par_1_1' title="bbox 95 152 583 225">
     <span class='ocr_line' id='line_1_1' title="bbox 95 152 583 225; baseline -0.006 -19"><span class='ocrx_word' id='word_1_1' title='bbox 95 177 133 225; x_wconf 73' lang='lat'>40</span> <span class='ocrx_word' id='word_1_2' title='bbox 354 155 392 207; x_wconf 70' lang='lat' dir='ltr'>T.</span> <span class='ocrx_word' id='word_1_3' title='bbox 426 152 583 206; x_wconf 78' lang='lat' dir='ltr'>L1V11</span> 
     </span>
    </p>

    <p class='ocr_par' dir='ltr' id='par_1_2' title="bbox 94 231 929 1144">
     <span class='ocr_line' id='line_1_2' title="bbox 94 231 842 317; baseline -0.017 -20"><span class='ocrx_word' id='word_1_4' title='bbox 94 235 225 317; x_wconf 65' lang='lat' dir='ltr'>prosedas,</span> <span class='ocrx_word' id='word_1_5' title='bbox 234 243 387 305; x_wconf 85' lang='lat' dir='ltr'>Politorium,</span> <span class='ocrx_word' id='word_1_6' title='bbox 395 235 678 302; x_wconf 83' lang='lat' dir='ltr'>urbemLatinorum‚vi</span> <span class='ocrx_word' id='word_1_7' title='bbox 687 231 842 304; x_wconf 78' lang='lat' dir='ltr'>cepit3secu·</span> 
     </span>
     <span class='ocr_line' id='line_1_3' title="bbox 96 317 842 389; baseline -0.019 -16"><span class='ocrx_word' id='word_1_8' title='bbox 96 324 184 389; x_wconf 90' lang='lat' dir='ltr'>tusque</span> <span class='ocrx_word' id='word_1_9' title='bbox 197 335 292 369; x_wconf 89' lang='lat' dir='ltr'>morem</span> <span class='ocrx_word' id='word_1_10' title='bbox 304 333 390 381; x_wconf 83' lang='lat' dir='ltr'>regum</span> <span class='ocrx_word' id='word_1_11' title='bbox 400 318 520 384; x_wconf 88' lang='lat' dir='ltr'>priorum,</span> <span class='ocrx_word' id='word_1_12' title='bbox 532 317 575 381; x_wconf 90' lang='lat' dir='ltr'>qui</span> <span class='ocrx_word' id='word_1_13' title='bbox 586 330 638 364; x_wconf 89' lang='lat' dir='ltr'>rem</span> <span class='ocrx_word' id='word_1_14' title='bbox 649 317 787 363; x_wconf 76' lang='lat' dir='ltr'>Romanam</span> <span class='ocrx_word' id='word_1_15' title='bbox 798 326 842 360; x_wconf 87' lang='lat' dir='ltr'>au-</span> 
     </span>
     <span class='ocr_line' id='line_1_4' title="bbox 95 389 843 459; baseline -0.015 -11"><span class='ocrx_word' id='word_1_16' title='bbox 95 409 185 452; x_wconf 82' lang='lat' dir='ltr'>xerant</span> <span class='ocrx_word' id='word_1_17' title='bbox 196 397 303 447; x_wconf 79' lang='lat' dir='ltr'>hostibus</span> <span class='ocrx_word' id='word_1_18' title='bbox 321 396 346 442; x_wconf 91' lang='lat' dir='ltr'>in</span> <span class='ocrx_word' id='word_1_19' title='bbox 358 396 484 444; x_wconf 67' lang='lat' dir='ltr'>ciuitatem</span> <span class='ocrx_word' id='word_1_20' title='bbox 495 391 648 459; x_wconf 82' lang='lat' dir='ltr'>accipiendis,</span> <span class='ocrx_word' id='word_1_21' title='bbox 660 389 843 439; x_wconf 86' lang='lat' dir='ltr'>multitudinem</span> 
     </span>
     <span class='ocr_line' id='line_1_5' title="bbox 95 465 929 534; baseline -0.013 -10"><span class='ocrx_word' id='word_1_22' title='bbox 95 465 845 534; x_wconf 78' lang='lat' dir='ltr'>omnemRomamtraduxit.&amp;‚quumcircaPalatium‚sedem</span> <span class='ocrx_word' id='word_1_23' title='bbox 927 490 929 495; x_wconf 96' lang='lat'>·</span> 
     </span>
     <span class='ocr_line' id='line_1_6' title="bbox 97 544 845 611; baseline -0.011 -12"><span class='ocrx_word' id='word_1_24' title='bbox 97 561 212 600; x_wconf 81' lang='lat' dir='ltr'>veterum</span> <span class='ocrx_word' id='word_1_25' title='bbox 224 551 402 610; x_wconf 86' lang='lat' dir='ltr'>Romanorum,</span> <span class='ocrx_word' id='word_1_26' title='bbox 417 545 498 595; x_wconf 81' lang='lat' dir='ltr'>sabini</span> <span class='ocrx_word' id='word_1_27' title='bbox 509 544 659 611; x_wconf 87' lang='lat' dir='ltr'>Capitolium</span> <span class='ocrx_word' id='word_1_28' title='bbox 670 554 744 610; x_wconf 86' lang='lat' dir='ltr'>atque</span> <span class='ocrx_word' id='word_1_29' title='bbox 755 556 845 606; x_wconf 83' lang='lat' dir='ltr'>arcem,</span> 
     </span>
     <span class='ocr_line' id='line_1_7' title="bbox 100 622 845 690; baseline -0.012 -13"><span class='ocrx_word' id='word_1_30' title='bbox 100 627 204 677; x_wconf 84' lang='lat' dir='ltr'>Coelium</span> <span class='ocrx_word' id='word_1_31' title='bbox 215 633 326 674; x_wconf 88' lang='lat' dir='ltr'>montem</span> <span class='ocrx_word' id='word_1_32' title='bbox 338 622 427 672; x_wconf 83' lang='lat' dir='ltr'>Albani</span> <span class='ocrx_word' id='word_1_33' title='bbox 442 623 595 690; x_wconf 54' lang='lat' dir='ltr'>implessentp</span> <span class='ocrx_word' id='word_1_34' title='bbox 608 623 760 671; x_wconf 82' lang='lat' dir='ltr'>Aventinum</span> <span class='ocrx_word' id='word_1_35' title='bbox 771 635 845 669; x_wconf 78' lang='lat' dir='ltr'>novae</span> 
     </span>
     <span class='ocr_line' id='line_1_8' title="bbox 98 693 845 761; baseline -0.009 -12"><span class='ocrx_word' id='word_1_36' title='bbox 98 698 252 755; x_wconf 85' lang='lat' dir='ltr'>multitudini</span> <span class='ocrx_word' id='word_1_37' title='bbox 262 698 357 747; x_wconf 84' lang='lat' dir='ltr'>datum.</span> <span class='ocrx_word' id='word_1_38' title='bbox 376 696 453 746; x_wconf 87' lang='lat' dir='ltr'>additi</span> <span class='ocrx_word' id='word_1_39' title='bbox 470 697 558 746; x_wconf 77' lang='lat' dir='ltr'>eodem</span> <span class='ocrx_word' id='word_1_40' title='bbox 568 696 632 746; x_wconf 85' lang='lat' dir='ltr'>haud</span> <span class='ocrx_word' id='word_1_41' title='bbox 644 697 678 744; x_wconf 88' lang='lat' dir='ltr'>ita</span> <span class='ocrx_word' id='word_1_42' title='bbox 688 695 767 744; x_wconf 78' lang='lat' dir='ltr'>multo</span> <span class='ocrx_word' id='word_1_43' title='bbox 783 693 845 761; x_wconf 84' lang='lat' dir='ltr'>post,</span> 
     </span>
     <span class='ocr_line' id='line_1_9' title="bbox 98 768 846 839; baseline -0.011 -15"><span class='ocrx_word' id='word_1_44' title='bbox 98 775 208 829; x_wconf 87' lang='lat' dir='ltr'>Tellenis</span> <span class='ocrx_word' id='word_1_45' title='bbox 218 773 354 839; x_wconf 69' lang='lat' dir='ltr'>Ficandque</span> <span class='ocrx_word' id='word_1_46' title='bbox 361 774 446 839; x_wconf 85' lang='lat' dir='ltr'>captis,</span> <span class='ocrx_word' id='word_1_47' title='bbox 457 773 519 820; x_wconf 85' lang='lat' dir='ltr'>novi</span> <span class='ocrx_word' id='word_1_48' title='bbox 529 773 603 820; x_wconf 84' lang='lat' dir='ltr'>cives.</span> <span class='ocrx_word' id='word_1_49' title='bbox 632 770 776 818; x_wconf 87' lang='lat' dir='ltr'>Politorium</span> <span class='ocrx_word' id='word_1_50' title='bbox 788 768 846 817; x_wconf 85' lang='lat' dir='ltr'>inde</span> 
     </span>
     <span class='ocr_line' id='line_1_10' title="bbox 98 843 847 916; baseline -0.015 -13"><span class='ocrx_word' id='word_1_51' title='bbox 98 849 179 903; x_wconf 84' lang='lat' dir='ltr'>rursus</span> <span class='ocrx_word' id='word_1_52' title='bbox 188 849 253 900; x_wconf 89' lang='lat' dir='ltr'>bello</span> <span class='ocrx_word' id='word_1_53' title='bbox 261 850 401 916; x_wconf 85' lang='lat' dir='ltr'>repetitum,</span> <span class='ocrx_word' id='word_1_54' title='bbox 417 847 483 914; x_wconf 90' lang='lat' dir='ltr'>quod</span> <span class='ocrx_word' id='word_1_55' title='bbox 493 862 600 897; x_wconf 86' lang='lat' dir='ltr'>vacuum</span> <span class='ocrx_word' id='word_1_56' title='bbox 609 855 789 912; x_wconf 86' lang='lat' dir='ltr'>occupaverant</span> <span class='ocrx_word' id='word_1_57' title='bbox 797 843 847 911; x_wconf 83' lang='lat' dir='ltr'>pri·</span> 
     </span>
     <span class='ocr_line' id='line_1_11' title="bbox 99 921 845 991; baseline -0.017 -9"><span class='ocrx_word' id='word_1_58' title='bbox 99 929 134 982; x_wconf 86' lang='lat' dir='ltr'>sci</span> <span class='ocrx_word' id='word_1_59' title='bbox 146 927 239 978; x_wconf 83' lang='lat' dir='ltr'>Latini.</span> <span class='ocrx_word' id='word_1_60' title='bbox 263 941 340 991; x_wconf 86' lang='lat' dir='ltr'>eaque</span> <span class='ocrx_word' id='word_1_61' title='bbox 351 924 421 976; x_wconf 79' lang='lat' dir='ltr'>eausa</span> <span class='ocrx_word' id='word_1_62' title='bbox 432 925 555 975; x_wconf 82' lang='lat' dir='ltr'>diruenda</span> <span class='ocrx_word' id='word_1_63' title='bbox 563 923 629 972; x_wconf 72' lang='lat' dir='ltr'>urbis</span> <span class='ocrx_word' id='word_1_64' title='bbox 638 923 689 986; x_wconf 79' lang='lat' dir='ltr'>ejus</span> <span class='ocrx_word' id='word_1_65' title='bbox 697 921 745 974; x_wconf 82' lang='lat' dir='ltr'>fuit</span> <span class='ocrx_word' id='word_1_66' title='bbox 753 924 845 972; x_wconf 83' lang='lat' dir='ltr'>Roma·</span> 
     </span>
     <span class='ocr_line' id='line_1_12' title="bbox 100 997 896 1069; baseline -0.014 -14"><span class='ocrx_word' id='word_1_67' title='bbox 100 1006 146 1068; x_wconf 81' lang='lat' dir='ltr'>nis,</span> <span class='ocrx_word' id='word_1_68' title='bbox 163 1019 194 1052; x_wconf 89' lang='lat' dir='ltr'>ne</span> <span class='ocrx_word' id='word_1_69' title='bbox 206 1004 311 1053; x_wconf 80' lang='lat' dir='ltr'>hostiurn</span> <span class='ocrx_word' id='word_1_70' title='bbox 323 1003 417 1069; x_wconf 87' lang='lat' dir='ltr'>semper</span> <span class='ocrx_word' id='word_1_71' title='bbox 433 1000 614 1068; x_wconf 85' lang='lat' dir='ltr'>receptaculum</span> <span class='ocrx_word' id='word_1_72' title='bbox 625 997 690 1053; x_wconf 81' lang='lat' dir='ltr'>esset.</span> <span class='ocrx_word' id='word_1_73' title='bbox 714 997 847 1060; x_wconf 78' lang='lat' dir='ltr'>Postremo,</span> <span class='ocrx_word' id='word_1_74' title='bbox 888 1047 896 1058; x_wconf 45' lang='grc'>,</span> 
     </span>
     <span class='ocr_line' id='line_1_13' title="bbox 101 1075 847 1144; baseline -0.011 -11"><span class='ocrx_word' id='word_1_75' title='bbox 101 1082 171 1134; x_wconf 87' lang='lat' dir='ltr'>omni</span> <span class='ocrx_word' id='word_1_76' title='bbox 183 1082 248 1131; x_wconf 90' lang='lat' dir='ltr'>bello</span> <span class='ocrx_word' id='word_1_77' title='bbox 257 1082 347 1129; x_wconf 90' lang='lat' dir='ltr'>Latino</span> <span class='ocrx_word' id='word_1_78' title='bbox 359 1079 502 1128; x_wconf 89' lang='lat' dir='ltr'>Medulliam</span> <span class='ocrx_word' id='word_1_79' title='bbox 511 1076 646 1144; x_wconf 85' lang='lat' dir='ltr'>compulso,</span> <span class='ocrx_word' id='word_1_80' title='bbox 661 1076 801 1140; x_wconf 81' lang='lat' dir='ltr'>aliquandiu</span> <span class='ocrx_word' id='word_1_81' title='bbox 811 1075 847 1125; x_wconf 87' lang='lat' dir='ltr'>ibi</span> 
     </span>
    </p>

    <p class='ocr_par' dir='ltr' id='par_1_3' title="bbox 64 1149 848 1217">
     <span class='ocr_line' id='line_1_14' title="bbox 64 1149 848 1217; baseline -0.009 -9"><span class='ocrx_word' id='word_1_82' title='bbox 64 1149 70 1159; x_wconf 74' lang='grc'><strong>’</strong></span> <span class='ocrx_word' id='word_1_83' title='bbox 101 1169 181 1210; x_wconf 82' lang='lat' dir='ltr'>marte</span> <span class='ocrx_word' id='word_1_84' title='bbox 200 1157 303 1216; x_wconf 85' lang='lat' dir='ltr'>incerto,</span> <span class='ocrx_word' id='word_1_85' title='bbox 320 1153 388 1200; x_wconf 78' lang='lat' dir='ltr'>varii</span> <span class='ocrx_word' id='word_1_86' title='bbox 406 1152 517 1214; x_wconf 70' lang='lat' dir='ltr'>vittoni,</span> <span class='ocrx_word' id='word_1_87' title='bbox 532 1161 667 1217; x_wconf 83' lang='lat' dir='ltr'>pugnatum</span> <span class='ocrx_word' id='word_1_88' title='bbox 678 1152 727 1199; x_wconf 85' lang='lat' dir='ltr'>esi:</span> <span class='ocrx_word' id='word_1_89' title='bbox 752 1149 848 1201; x_wconf 83' lang='lat' dir='ltr'>nam&amp;</span> 
     </span>
    </p>

    <p class='ocr_par' dir='ltr' id='par_1_4' title="bbox 60 1225 905 1674">
     <span class='ocr_line' id='line_1_15' title="bbox 60 1225 847 1299; baseline -0.009 -18"><span class='ocrx_word' id='word_1_90' title='bbox 60 1282 65 1299; x_wconf 47' lang='grc' dir='ltr'>Ι</span> <span class='ocrx_word' id='word_1_91' title='bbox 101 1231 160 1282; x_wconf 80' lang='lat' dir='ltr'>urbs</span> <span class='ocrx_word' id='word_1_92' title='bbox 171 1240 224 1278; x_wconf 89' lang='lat' dir='ltr'>tuta</span> <span class='ocrx_word' id='word_1_93' title='bbox 235 1227 422 1290; x_wconf 71' lang='lat' dir='ltr'>munitionibuS,</span> <span class='ocrx_word' id='word_1_94' title='bbox 439 1225 597 1291; x_wconf 81' lang='lat' dir='ltr'>praesrdioquc</span> <span class='ocrx_word' id='word_1_95' title='bbox 614 1227 710 1275; x_wconf 68' lang='lat' dir='ltr'>summ</span> <span class='ocrx_word' id='word_1_96' title='bbox 721 1227 805 1276; x_wconf 83' lang='lat' dir='ltr'>valido</span> <span class='ocrx_word' id='word_1_97' title='bbox 822 1240 847 1274; x_wconf 89' lang='lat' dir='ltr'>e-</span> 
     </span>
     <span class='ocr_line' id='line_1_16' title="bbox 100 1301 905 1369; baseline -0.007 -14"><span class='ocrx_word' id='word_1_98' title='bbox 100 1317 146 1369; x_wconf 82' lang='lat' dir='ltr'>rat,</span> <span class='ocrx_word' id='word_1_99' title='bbox 164 1306 197 1368; x_wconf 77' lang='lat' dir='ltr'>dt,</span> <span class='ocrx_word' id='word_1_100' title='bbox 209 1304 287 1352; x_wconf 86' lang='lat' dir='ltr'>castris</span> <span class='ocrx_word' id='word_1_101' title='bbox 298 1303 324 1351; x_wconf 93' lang='lat' dir='ltr'>in</span> <span class='ocrx_word' id='word_1_102' title='bbox 333 1313 418 1368; x_wconf 85' lang='lat' dir='ltr'>aperto</span> <span class='ocrx_word' id='word_1_103' title='bbox 430 1301 519 1368; x_wconf 79' lang='lat' dir='ltr'>positis,</span> <span class='ocrx_word' id='word_1_104' title='bbox 531 1302 658 1368; x_wconf 81' lang='lat' dir='ltr'>aliquoties</span> <span class='ocrx_word' id='word_1_105' title='bbox 669 1303 790 1354; x_wconf 83' lang='lat' dir='ltr'>exercitus</span> <span class='ocrx_word' id='word_1_106' title='bbox 800 1305 848 1350; x_wconf 81' lang='lat' dir='ltr'>La·</span> <span class='ocrx_word' id='word_1_107' title='bbox 901 1357 905 1366; x_wconf 30' lang='grc' dir='ltr'>Ι</span> 
     </span>
     <span class='ocr_line' id='line_1_17' title="bbox 101 1377 848 1447; baseline -0.005 -16"><span class='ocrx_word' id='word_1_108' title='bbox 101 1383 175 1432; x_wconf 87' lang='lat' dir='ltr'>tinus&#39;</span> <span class='ocrx_word' id='word_1_109' title='bbox 185 1379 296 1447; x_wconf 76' lang='lat' dir='ltr'>cominus</span> <span class='ocrx_word' id='word_1_110' title='bbox 308 1394 364 1426; x_wconf 89' lang='lat' dir='ltr'>cum</span> <span class='ocrx_word' id='word_1_111' title='bbox 376 1379 493 1427; x_wconf 87' lang='lat' dir='ltr'>Romanis</span> <span class='ocrx_word' id='word_1_112' title='bbox 504 1379 569 1441; x_wconf 80' lang='lat' dir='ltr'>signa</span> <span class='ocrx_word' id='word_1_113' title='bbox 581 1380 725 1428; x_wconf 86' lang='lat' dir='ltr'>contulerat.</span> <span class='ocrx_word' id='word_1_114' title='bbox 761 1377 800 1428; x_wconf 85' lang='lat' dir='ltr'>Ad</span> <span class='ocrx_word' id='word_1_115' title='bbox 810 1378 848 1427; x_wconf 88' lang='lat' dir='ltr'>ul·</span> 
     </span>
     <span class='ocr_line' id='line_1_18' title="bbox 102 1454 850 1522; baseline -0.001 -14"><span class='ocrx_word' id='word_1_116' title='bbox 102 1457 200 1517; x_wconf 84' lang='lat' dir='ltr'>timum,</span> <span class='ocrx_word' id='word_1_117' title='bbox 211 1455 325 1503; x_wconf 88' lang='lat' dir='ltr'>omnibus</span> <span class='ocrx_word' id='word_1_118' title='bbox 342 1455 419 1519; x_wconf 85' lang='lat' dir='ltr'>copiis</span> <span class='ocrx_word' id='word_1_119' title='bbox 434 1456 555 1513; x_wconf 85' lang='lat' dir='ltr'>connixus</span> <span class='ocrx_word' id='word_1_120' title='bbox 568 1459 657 1519; x_wconf 84' lang='lat' dir='ltr'>Ancus,</span> <span class='ocrx_word' id='word_1_121' title='bbox 672 1456 724 1505; x_wconf 84' lang='lat' dir='ltr'>acie</span> <span class='ocrx_word' id='word_1_122' title='bbox 740 1454 850 1522; x_wconf 80' lang='lat' dir='ltr'>primum</span> 
     </span>
     <span class='ocr_line' id='line_1_19' title="bbox 101 1528 850 1595; baseline -0.004 -12"><span class='ocrx_word' id='word_1_123' title='bbox 101 1532 195 1583; x_wconf 80' lang='lat' dir='ltr'>vincit:</span> <span class='ocrx_word' id='word_1_124' title='bbox 213 1528 269 1579; x_wconf 89' lang='lat' dir='ltr'>inde</span> <span class='ocrx_word' id='word_1_125' title='bbox 281 1530 373 1592; x_wconf 86' lang='lat' dir='ltr'>ingenti</span> <span class='ocrx_word' id='word_1_126' title='bbox 386 1529 465 1595; x_wconf 71' lang='lat' dir='ltr'>praedb</span> <span class='ocrx_word' id='word_1_127' title='bbox 478 1531 577 1595; x_wconf 86' lang='lat' dir='ltr'>potitus,</span> <span class='ocrx_word' id='word_1_128' title='bbox 590 1534 695 1581; x_wconf 75' lang='lat' dir='ltr'>Romam</span> <span class='ocrx_word' id='word_1_129' title='bbox 707 1531 777 1594; x_wconf 89' lang='lat' dir='ltr'>redit,</span> <span class='ocrx_word' id='word_1_130' title='bbox 796 1541 850 1589; x_wconf 84' lang='lat' dir='ltr'>tum</span> 
     </span>
     <span class='ocr_line' id='line_1_20' title="bbox 103 1603 851 1674; baseline 0.003 -20"><span class='ocrx_word' id='word_1_131' title='bbox 103 1620 203 1672; x_wconf 85' lang='lat' dir='ltr'>quoque</span> <span class='ocrx_word' id='word_1_132' title='bbox 214 1603 296 1671; x_wconf 86' lang='lat' dir='ltr'>multis</span> <span class='ocrx_word' id='word_1_133' title='bbox 306 1603 412 1652; x_wconf 86' lang='lat' dir='ltr'>millibus</span> <span class='ocrx_word' id='word_1_134' title='bbox 425 1606 573 1654; x_wconf 87' lang='lat' dir='ltr'>Latinorum</span> <span class='ocrx_word' id='word_1_135' title='bbox 584 1606 609 1654; x_wconf 91' lang='lat' dir='ltr'>in</span> <span class='ocrx_word' id='word_1_136' title='bbox 626 1606 753 1655; x_wconf 84' lang='lat' dir='ltr'>civitatem</span> <span class='ocrx_word' id='word_1_137' title='bbox 763 1623 851 1674; x_wconf 87' lang='lat' dir='ltr'>accep-</span> 
     </span>
    </p>

    <p class='ocr_par' dir='ltr' id='par_1_5' title="bbox 72 1678 854 1821">
     <span class='ocr_line' id='line_1_21' title="bbox 72 1678 851 1745; baseline 0.004 -14"><span class='ocrx_word' id='word_1_138' title='bbox 72 1703 76 1706; x_wconf 97' lang='lat'>·</span> <span class='ocrx_word' id='word_1_139' title='bbox 103 1681 150 1741; x_wconf 84' lang='lat' dir='ltr'>tis;</span> <span class='ocrx_word' id='word_1_140' title='bbox 166 1680 263 1744; x_wconf 84' lang='lat' dir='ltr'>quibus,</span> <span class='ocrx_word' id='word_1_141' title='bbox 274 1690 302 1729; x_wconf 91' lang='lat' dir='ltr'>ut</span> <span class='ocrx_word' id='word_1_142' title='bbox 311 1678 553 1744; x_wconf 79' lang='lat' dir='ltr'>jungereturPalatio</span> <span class='ocrx_word' id='word_1_143' title='bbox 566 1682 727 1745; x_wconf 84' lang='lat' dir='ltr'>Aventinum,</span> <span class='ocrx_word' id='word_1_144' title='bbox 738 1682 768 1733; x_wconf 85' lang='lat' dir='ltr'>ad</span> <span class='ocrx_word' id='word_1_145' title='bbox 780 1687 851 1734; x_wconf 89' lang='lat' dir='ltr'>Mur-</span> 
     </span>
     <span class='ocr_line' id='line_1_22' title="bbox 104 1753 854 1821; baseline 0.003 -15"><span class='ocrx_word' id='word_1_146' title='bbox 104 1757 152 1806; x_wconf 76' lang='lat' dir='ltr'>eiae</span> <span class='ocrx_word' id='word_1_147' title='bbox 160 1755 223 1806; x_wconf 86' lang='lat' dir='ltr'>datae</span> <span class='ocrx_word' id='word_1_148' title='bbox 234 1753 309 1804; x_wconf 86' lang='lat' dir='ltr'>sedes.</span> <span class='ocrx_word' id='word_1_149' title='bbox 343 1755 482 1818; x_wconf 89' lang='lat' dir='ltr'>Janiculum</span> <span class='ocrx_word' id='word_1_150' title='bbox 494 1772 592 1821; x_wconf 88' lang='lat' dir='ltr'>quoque</span> <span class='ocrx_word' id='word_1_151' title='bbox 603 1755 736 1819; x_wconf 69' lang='lat' dir='ltr'>adjedium5</span> <span class='ocrx_word' id='word_1_152' title='bbox 753 1773 804 1811; x_wconf 81' lang='lat' dir='ltr'>uon</span> <span class='ocrx_word' id='word_1_153' title='bbox 818 1760 854 1808; x_wconf 88' lang='lat' dir='ltr'>in.</span> 
     </span>
    </p>

    <p class='ocr_par' dir='ltr' id='par_1_6' title="bbox 64 1828 854 2052">
     <span class='ocr_line' id='line_1_23' title="bbox 64 1828 853 1897; baseline 0.005 -17"><span class='ocrx_word' id='word_1_154' title='bbox 64 1874 69 1880; x_wconf 93' lang='lat'>.</span> <span class='ocrx_word' id='word_1_155' title='bbox 104 1831 164 1897; x_wconf 82' lang='lat' dir='ltr'>opid</span> <span class='ocrx_word' id='word_1_156' title='bbox 177 1830 235 1892; x_wconf 88' lang='lat' dir='ltr'>loci,</span> <span class='ocrx_word' id='word_1_157' title='bbox 255 1828 296 1879; x_wconf 86' lang='lat' dir='ltr'>sed</span> <span class='ocrx_word' id='word_1_158' title='bbox 307 1844 339 1878; x_wconf 87' lang='lat' dir='ltr'>ne</span> <span class='ocrx_word' id='word_1_159' title='bbox 353 1829 451 1893; x_wconf 87' lang='lat' dir='ltr'>quando</span> <span class='ocrx_word' id='word_1_160' title='bbox 463 1846 491 1879; x_wconf 86' lang='lat' dir='ltr'>ea</span> <span class='ocrx_word' id='word_1_161' title='bbox 502 1845 547 1880; x_wconf 85' lang='lat' dir='ltr'>arx</span> <span class='ocrx_word' id='word_1_162' title='bbox 558 1831 662 1881; x_wconf 87' lang='lat' dir='ltr'>hostium</span> <span class='ocrx_word' id='word_1_163' title='bbox 674 1830 739 1881; x_wconf 81' lang='lat' dir='ltr'>esset.</span> <span class='ocrx_word' id='word_1_164' title='bbox 765 1832 791 1881; x_wconf 93' lang='lat' dir='ltr'>id</span> <span class='ocrx_word' id='word_1_165' title='bbox 802 1849 853 1885; x_wconf 87' lang='lat' dir='ltr'>nou</span> 
     </span>
     <span class='ocr_line' id='line_1_24' title="bbox 103 1904 854 1977; baseline -0.003 -20"><span class='ocrx_word' id='word_1_166' title='bbox 103 1922 176 1958; x_wconf 91' lang='lat' dir='ltr'>muro</span> <span class='ocrx_word' id='word_1_167' title='bbox 186 1905 273 1970; x_wconf 72' lang='lat' dir='ltr'>solun,</span> <span class='ocrx_word' id='word_1_168' title='bbox 281 1904 321 1956; x_wconf 88' lang='lat' dir='ltr'>sed</span> <span class='ocrx_word' id='word_1_169' title='bbox 331 1907 413 1971; x_wconf 87' lang='lat' dir='ltr'>etiam,</span> <span class='ocrx_word' id='word_1_170' title='bbox 425 1907 459 1959; x_wconf 90' lang='lat' dir='ltr'>ob</span> <span class='ocrx_word' id='word_1_171' title='bbox 469 1908 669 1959; x_wconf 85' lang='lat' dir='ltr'>commoditatem</span> <span class='ocrx_word' id='word_1_172' title='bbox 678 1910 778 1973; x_wconf 83' lang='lat' dir='ltr'>itineris,</span> <span class='ocrx_word' id='word_1_173' title='bbox 793 1925 854 1977; x_wconf 80' lang='lat' dir='ltr'>pon.</span> 
     </span>
     <span class='ocr_line' id='line_1_25' title="bbox 104 1983 854 2052; baseline 0.007 -20"><span class='ocrx_word' id='word_1_174' title='bbox 104 1992 130 2037; x_wconf 81' lang='lat' dir='ltr'>te</span> <span class='ocrx_word' id='word_1_175' title='bbox 138 1983 249 2048; x_wconf 73' lang='lat' dir='ltr'>sublicio,</span> <span class='ocrx_word' id='word_1_176' title='bbox 258 1995 311 2033; x_wconf 91' lang='lat' dir='ltr'>tum</span> <span class='ocrx_word' id='word_1_177' title='bbox 321 1985 429 2052; x_wconf 79' lang='lat' dir='ltr'>primum</span> <span class='ocrx_word' id='word_1_178' title='bbox 440 1986 466 2034; x_wconf 89' lang='lat' dir='ltr'>in</span> <span class='ocrx_word' id='word_1_179' title='bbox 479 1987 593 2036; x_wconf 89' lang='lat' dir='ltr'>Tiberim</span> <span class='ocrx_word' id='word_1_180' title='bbox 602 1986 675 2051; x_wconf 73' lang='lat' dir='ltr'>sadio,</span> <span class='ocrx_word' id='word_1_181' title='bbox 685 1988 801 2052; x_wconf 85' lang='lat' dir='ltr'>conjungi</span> <span class='ocrx_word' id='word_1_182' title='bbox 812 2002 854 2037; x_wconf 89' lang='lat' dir='ltr'>ur-</span> 
     </span>
    </p>

    <p class='ocr_par' dir='ltr' id='par_1_7' title="bbox 71 2054 921 2815">
     <span class='ocr_line' id='line_1_26' title="bbox 71 2054 921 2129; baseline 0.001 -18"><span class='ocrx_word' id='word_1_183' title='bbox 71 2054 74 2067; x_wconf 80' lang='grc'><strong><em>’</em></strong></span> <span class='ocrx_word' id='word_1_184' title='bbox 106 2059 134 2112; x_wconf 91' lang='lat' dir='ltr'>bi</span> <span class='ocrx_word' id='word_1_185' title='bbox 144 2062 243 2127; x_wconf 84' lang='lat' dir='ltr'>placuit.</span> <span class='ocrx_word' id='word_1_186' title='bbox 280 2062 415 2124; x_wconf 82' lang='lat' dir='ltr'>Quiritium</span> <span class='ocrx_word' id='word_1_187' title='bbox 427 2079 526 2128; x_wconf 91' lang='lat' dir='ltr'>quoque</span> <span class='ocrx_word' id='word_1_188' title='bbox 534 2063 601 2127; x_wconf 82' lang='lat' dir='ltr'>solla,</span> <span class='ocrx_word' id='word_1_189' title='bbox 613 2063 678 2113; x_wconf 91' lang='lat' dir='ltr'>haud</span> <span class='ocrx_word' id='word_1_190' title='bbox 688 2079 791 2129; x_wconf 89' lang='lat' dir='ltr'>parvum</span> <span class='ocrx_word' id='word_1_191' title='bbox 799 2079 855 2112; x_wconf 87' lang='lat' dir='ltr'>mu·</span> <span class='ocrx_word' id='word_1_192' title='bbox 918 2079 921 2083; x_wconf 84' lang='lat'><strong>·</strong></span> 
     </span>
     <span class='ocr_line' id='line_1_27' title="bbox 107 2134 854 2204; baseline 0.004 -18"><span class='ocrx_word' id='word_1_193' title='bbox 107 2137 246 2186; x_wconf 83' lang='lat' dir='ltr'>nimentum</span> <span class='ocrx_word' id='word_1_194' title='bbox 255 2141 269 2185; x_wconf 73' lang='lat' dir='ltr'>a</span> <span class='ocrx_word' id='word_1_195' title='bbox 277 2137 426 2202; x_wconf 84' lang='lat' dir='ltr'>planioribus</span> <span class='ocrx_word' id='word_1_196' title='bbox 438 2138 505 2186; x_wconf 89' lang='lat' dir='ltr'>aditu</span> <span class='ocrx_word' id='word_1_197' title='bbox 516 2138 584 2200; x_wconf 87' lang='lat' dir='ltr'>locis,</span> <span class='ocrx_word' id='word_1_198' title='bbox 595 2134 657 2188; x_wconf 82' lang='lat' dir='ltr'>Anci</span> <span class='ocrx_word' id='word_1_199' title='bbox 669 2140 730 2201; x_wconf 85' lang='lat' dir='ltr'>regis</span> <span class='ocrx_word' id='word_1_200' title='bbox 742 2154 803 2204; x_wconf 88' lang='lat' dir='ltr'>opus</span> <span class='ocrx_word' id='word_1_201' title='bbox 812 2139 854 2189; x_wconf 82' lang='lat' dir='ltr'>est.</span> 
     </span>
     <span class='ocr_line' id='line_1_28' title="bbox 106 2210 854 2275; baseline 0.004 -15"><span class='ocrx_word' id='word_1_202' title='bbox 106 2213 205 2274; x_wconf 83' lang='lat' dir='ltr'>Ingenti</span> <span class='ocrx_word' id='word_1_203' title='bbox 216 2211 366 2259; x_wconf 86' lang='lat' dir='ltr'>incremento</span> <span class='ocrx_word' id='word_1_204' title='bbox 374 2213 445 2259; x_wconf 83' lang='lat' dir='ltr'>rebus</span> <span class='ocrx_word' id='word_1_205' title='bbox 454 2210 536 2273; x_wconf 73' lang='lat' dir='ltr'>auilis,</span> <span class='ocrx_word' id='word_1_206' title='bbox 549 2227 625 2275; x_wconf 89' lang='lat' dir='ltr'>quum</span> <span class='ocrx_word' id='word_1_207' title='bbox 634 2214 660 2260; x_wconf 90' lang='lat' dir='ltr'>in</span> <span class='ocrx_word' id='word_1_208' title='bbox 668 2222 735 2262; x_wconf 85' lang='lat' dir='ltr'>tanta</span> <span class='ocrx_word' id='word_1_209' title='bbox 743 2215 854 2263; x_wconf 90' lang='lat' dir='ltr'>multitu-</span> 
     </span>
     <span class='ocr_line' id='line_1_29' title="bbox 109 2283 855 2351; baseline 0.003 -15"><span class='ocrx_word' id='word_1_210' title='bbox 109 2285 167 2336; x_wconf 89' lang='lat' dir='ltr'>dine</span> <span class='ocrx_word' id='word_1_211' title='bbox 176 2285 314 2344; x_wconf 87' lang='lat' dir='ltr'>hominurn,</span> <span class='ocrx_word' id='word_1_212' title='bbox 326 2283 464 2333; x_wconf 89' lang='lat' dir='ltr'>discrimine</span> <span class='ocrx_word' id='word_1_213' title='bbox 474 2284 536 2333; x_wconf 68' lang='lat' dir='ltr'>redde</span> <span class='ocrx_word' id='word_1_214' title='bbox 548 2301 578 2334; x_wconf 86' lang='lat' dir='ltr'>an</span> <span class='ocrx_word' id='word_1_215' title='bbox 590 2301 717 2351; x_wconf 88' lang='lat' dir='ltr'>perperam</span> <span class='ocrx_word' id='word_1_216' title='bbox 727 2287 783 2337; x_wconf 73' lang='lat' dir='ltr'>fatti</span> <span class='ocrx_word' id='word_1_217' title='bbox 796 2304 855 2338; x_wconf 88' lang='lat' dir='ltr'>con·</span> 
     </span>
     <span class='ocr_line' id='line_1_30' title="bbox 107 2357 857 2421; baseline 0.007 -11"><span class='ocrx_word' id='word_1_218' title='bbox 107 2359 171 2420; x_wconf 81' lang='lat' dir='ltr'>suso,</span> <span class='ocrx_word' id='word_1_219' title='bbox 191 2358 302 2408; x_wconf 79' lang='lat' dir='ltr'>facinora</span> <span class='ocrx_word' id='word_1_220' title='bbox 315 2357 460 2408; x_wconf 80' lang='lat' dir='ltr'>clandestina</span> <span class='ocrx_word' id='word_1_221' title='bbox 476 2359 570 2421; x_wconf 85' lang='lat' dir='ltr'>fierent,</span> <span class='ocrx_word' id='word_1_222' title='bbox 588 2375 670 2409; x_wconf 86' lang='lat' dir='ltr'>carcer</span> <span class='ocrx_word' id='word_1_223' title='bbox 688 2361 720 2410; x_wconf 86' lang='lat' dir='ltr'>ad</span> <span class='ocrx_word' id='word_1_224' title='bbox 737 2373 857 2415; x_wconf 79' lang='lat' dir='ltr'>terrorem</span> 
     </span>
     <span class='ocr_line' id='line_1_31' title="bbox 107 2431 856 2502; baseline 0.008 -17"><span class='ocrx_word' id='word_1_225' title='bbox 107 2433 262 2485; x_wconf 82' lang='lat' dir='ltr'>increscentis</span> <span class='ocrx_word' id='word_1_226' title='bbox 274 2431 380 2482; x_wconf 89' lang='lat' dir='ltr'>audaciae</span> <span class='ocrx_word' id='word_1_227' title='bbox 388 2436 468 2484; x_wconf 73' lang='lat' dir='ltr'>medii</span> <span class='ocrx_word' id='word_1_228' title='bbox 476 2436 545 2499; x_wconf 84' lang='lat' dir='ltr'>urbe,</span> <span class='ocrx_word' id='word_1_229' title='bbox 557 2435 687 2487; x_wconf 85' lang='lat' dir='ltr'>imminens</span> <span class='ocrx_word' id='word_1_230' title='bbox 698 2438 763 2502; x_wconf 89' lang='lat' dir='ltr'>soro,</span> <span class='ocrx_word' id='word_1_231' title='bbox 781 2439 856 2490; x_wconf 84' lang='lat' dir='ltr'>aedifi-</span> 
     </span>
     <span class='ocr_line' id='line_1_32' title="bbox 107 2505 857 2577; baseline 0.007 -16"><span class='ocrx_word' id='word_1_232' title='bbox 107 2521 186 2562; x_wconf 83' lang='lat' dir='ltr'>catur.</span> <span class='ocrx_word' id='word_1_233' title='bbox 221 2512 274 2559; x_wconf 81' lang='lat' dir='ltr'>Nec</span> <span class='ocrx_word' id='word_1_234' title='bbox 285 2510 343 2558; x_wconf 86' lang='lat' dir='ltr'>urbs</span> <span class='ocrx_word' id='word_1_235' title='bbox 355 2517 450 2560; x_wconf 79' lang='lat' dir='ltr'>tantum</span> <span class='ocrx_word' id='word_1_236' title='bbox 467 2513 515 2562; x_wconf 90' lang='lat' dir='ltr'>hoc</span> <span class='ocrx_word' id='word_1_237' title='bbox 526 2527 584 2576; x_wconf 82' lang='lat' dir='ltr'>rege</span> <span class='ocrx_word' id='word_1_238' title='bbox 594 2516 681 2577; x_wconf 74' lang='lat' dir='ltr'>crevit,</span> <span class='ocrx_word' id='word_1_239' title='bbox 694 2514 734 2566; x_wconf 91' lang='lat' dir='ltr'>sed</span> <span class='ocrx_word' id='word_1_240' title='bbox 746 2505 819 2566; x_wconf 86' lang='lat' dir='ltr'>ctiam</span> <span class='ocrx_word' id='word_1_241' title='bbox 830 2535 857 2566; x_wconf 84' lang='lat' dir='ltr'>a·</span> 
     </span>
     <span class='ocr_line' id='line_1_33' title="bbox 108 2585 858 2660; baseline 0.011 -24"><span class='ocrx_word' id='word_1_242' title='bbox 108 2603 152 2652; x_wconf 79' lang='lat' dir='ltr'>ger</span> <span class='ocrx_word' id='word_1_243' title='bbox 161 2585 278 2652; x_wconf 83' lang='lat' dir='ltr'>finesque.</span> <span class='ocrx_word' id='word_1_244' title='bbox 312 2586 379 2637; x_wconf 85' lang='lat' dir='ltr'>Silva</span> <span class='ocrx_word' id='word_1_245' title='bbox 391 2588 473 2638; x_wconf 83' lang='lat' dir='ltr'>Maesra</span> <span class='ocrx_word' id='word_1_246' title='bbox 484 2590 630 2653; x_wconf 85' lang='lat' dir='ltr'>Vejentibus</span> <span class='ocrx_word' id='word_1_247' title='bbox 642 2592 764 2660; x_wconf 82' lang='lat' dir='ltr'>adempta,</span> <span class='ocrx_word' id='word_1_248' title='bbox 780 2593 858 2659; x_wconf 88' lang='lat' dir='ltr'>usque</span> 
     </span>
     <span class='ocr_line' id='line_1_34' title="bbox 109 2654 859 2732; baseline 0.009 -18"><span class='ocrx_word' id='word_1_249' title='bbox 109 2663 141 2714; x_wconf 73' lang='lat' dir='ltr'>td</span> <span class='ocrx_word' id='word_1_250' title='bbox 159 2679 226 2714; x_wconf 84' lang='lat' dir='ltr'>marc</span> <span class='ocrx_word' id='word_1_251' title='bbox 242 2665 374 2731; x_wconf 88' lang='lat' dir='ltr'>imperium</span> <span class='ocrx_word' id='word_1_252' title='bbox 393 2667 524 2732; x_wconf 85' lang='lat' dir='ltr'>prolatum,</span> <span class='ocrx_word' id='word_1_253' title='bbox 544 2670 568 2719; x_wconf 74' lang='grc'>8(</span> <span class='ocrx_word' id='word_1_254' title='bbox 581 2672 606 2719; x_wconf 88' lang='lat' dir='ltr'>in</span> <span class='ocrx_word' id='word_1_255' title='bbox 618 2687 661 2722; x_wconf 87' lang='lat' dir='ltr'>ore</span> <span class='ocrx_word' id='word_1_256' title='bbox 673 2672 772 2721; x_wconf 83' lang='lat' dir='ltr'>Tiberis</span> <span class='ocrx_word' id='word_1_257' title='bbox 793 2654 859 2721; x_wconf 79' lang='lat' dir='ltr'>ulia</span> 
     </span>
     <span class='ocr_line' id='line_1_35' title="bbox 110 2738 859 2815; baseline 0.011 -28"><span class='ocrx_word' id='word_1_258' title='bbox 110 2738 168 2787; x_wconf 87' lang='lat' dir='ltr'>urbs</span> <span class='ocrx_word' id='word_1_259' title='bbox 174 2740 287 2790; x_wconf 89' lang='lat' dir='ltr'>condita:</span> <span class='ocrx_word' id='word_1_260' title='bbox 311 2738 461 2792; x_wconf 73' lang='lat' dir='ltr'>salmacircd</span> <span class='ocrx_word' id='word_1_261' title='bbox 469 2744 544 2809; x_wconf 78' lang='lat' dir='ltr'>satlae,</span> <span class='ocrx_word' id='word_1_262' title='bbox 556 2749 700 2815; x_wconf 71' lang='lat' dir='ltr'>egregieque</span> <span class='ocrx_word' id='word_1_263' title='bbox 711 2747 782 2798; x_wconf 85' lang='lat' dir='ltr'>rebus</span> <span class='ocrx_word' id='word_1_264' title='bbox 793 2747 859 2796; x_wconf 87' lang='lat' dir='ltr'>bello</span> 
     </span>
    </p>

    <p class='ocr_par' dir='ltr' id='par_1_8' title="bbox 13 2808 861 3017">
     <span class='ocr_line' id='line_1_36' title="bbox 13 2808 645 2914; baseline 0.019 -52"><span class='ocrx_word' id='word_1_265' title='bbox 13 2808 81 2914; x_wconf 38' lang='grc' dir='ltr'><strong>Ὗ</strong></span> <span class='ocrx_word' id='word_1_266' title='bbox 112 2814 190 2878; x_wconf 72' lang='lat' dir='ltr'>gestit,</span> <span class='ocrx_word' id='word_1_267' title='bbox 208 2815 269 2866; x_wconf 79' lang='lat' dir='ltr'>aedes</span> <span class='ocrx_word' id='word_1_268' title='bbox 286 2819 359 2882; x_wconf 81' lang='lat' dir='ltr'>Jovis</span> <span class='ocrx_word' id='word_1_269' title='bbox 371 2821 471 2870; x_wconf 87' lang='lat' dir='ltr'>Feretrii</span> <span class='ocrx_word' id='word_1_270' title='bbox 489 2822 645 2887; x_wconf 77' lang='lat' dir='ltr'>amplificata.</span> 
     </span>
     <span class='ocr_line' id='line_1_37' title="bbox 147 2892 861 2966; baseline 0.01 -26"><span class='ocrx_word' id='word_1_271' title='bbox 147 2892 272 2945; x_wconf 76' lang='lat' dir='ltr'>XXXIV.</span> <span class='ocrx_word' id='word_1_272' title='bbox 290 2897 362 2949; x_wconf 84' lang='lat' dir='ltr'>Auro</span> <span class='ocrx_word' id='word_1_273' title='bbox 374 2905 497 2966; x_wconf 78' lang='lat' dir='ltr'>regnante,</span> <span class='ocrx_word' id='word_1_274' title='bbox 515 2899 638 2963; x_wconf 77' lang='lat' dir='ltr'>Lucumo,</span> <span class='ocrx_word' id='word_1_275' title='bbox 656 2899 696 2950; x_wconf 91' lang='lat' dir='ltr'>vir</span> <span class='ocrx_word' id='word_1_276' title='bbox 708 2897 814 2964; x_wconf 83' lang='lat' dir='ltr'>impiger</span> <span class='ocrx_word' id='word_1_277' title='bbox 829 2909 861 2948; x_wconf 86' lang='lat' dir='ltr'>ae</span> 
     </span>
     <span class='ocr_line' id='line_1_38' title="bbox 791 2968 857 3017; baseline -0.015 0"><span class='ocrx_word' id='word_1_278' title='bbox 791 2968 857 3017; x_wconf 85' lang='lat' dir='ltr'>divi-</span> 
     </span>
    </p>
   </div>
   <div class='ocr_carea' id='block_1_2' title="bbox 0 0 1005 3660">
    <p class='ocr_par' dir='ltr' id='par_1_9' title="bbox 0 0 1005 3660">
     <span class='ocr_line' id='line_1_39' title="bbox 0 0 1005 3660; baseline 0 0"><span class='ocrx_word' id='word_1_279' title='bbox 0 0 1005 3660; x_wconf 95' lang='lat' dir='ltr'> </span> 
     </span>
    </p>
   </div>
  </div>
 </body>
</html>
