1964 3660
164 178 227 235 ,μμ-
424 160 460 211 τ.
495 159 665 209 n1v11-

166 260 211 324 qui
222 256 286 307 hanc
296 253 480 305 multitudinem
491 253 616 318 captivam
629 250 762 300 servorum
773 248 847 303 fuisse
854 253 919 307 Icci-

165 336 242 386 bant:
261 336 334 400 idque
353 335 431 397 magis
452 330 582 383 verisimile
600 331 641 393 est,
658 335 734 395 quarn
753 329 854 384 deditos
872 350 918 384 ve-

166 411 245 463 niisse.
627 418 631 425 '

199 491 326 537 XXVIII.
344 489 398 535 Hos
409 484 519 535 consules
532 485 608 535 secuti
620 484 674 533 sunt
685 487 724 537 M.
738 486 832 540 Fabius
848 491 915 540 Dor.

164 565 201 625 so,
219 572 267 613 scr.
278 565 397 629 Sulpicius
411 563 562 611 Camerinus.
598 567 742 611 Auruncum
752 562 810 614 inde
822 566 931 615 bdltnn..

162 642 335 707 subrepentina
347 641 507 705 populatione
522 650 639 704 coeptum.
657 649 785 706 metuque5
801 657 834 713 ne
843 644 869 692 id
879 643 914 693 sa·

163 717 230 768 &um
239 719 325 784 populi
334 719 415 781 unlus,
432 717 558 767 confilium
567 719 647 767 omnis
657 710 767 767 nominis
780 722 867 770 Latini
876 720 913 770 es·

164 793 208 855 set,
226 794 331 845 dillator
343 795 412 843 velut
432 792 547 842 adversus
564 804 683 843 armatum
694 794 744 855 jarn
761 797 867 845 Latium
880 800 912 848 L.
947 823 950 828 ·

163 872 252 921 Furius
263 884 366 930 creatus,
383 870 524 932 magistrum
536 870 645 932 equitum
664 873 711 919 Cn.
725 872 851 921 Manlium
864 877 913 921 Ca·

163 946 297 1014 pitolinurn
308 947 380 997 dixit.
401 948 425 994 ἃ
437 962 522 1010 quum,
540 945 616 1009 (quod
630 960 782 1010 permagnos
791 950 912 998 tumrultus

61 1058 68 1073 1
163 1023 217 1072 fieri
230 1025 328 1075 solitum
339 1028 401 1085 erat)
415 1023 509 1084 justitio
520 1021 620 1081 indilio,
638 1021 742 1075 ddellus
753 1023 803 1073 sinc
814 1026 911 1074 vacari.

163 1100 362 1150 ouibushabitus
373 1098 447 1157 effen
469 1099 585 1161 legiones,
602 1107 724 1162 quantum
733 1101 854 1149 maturari
865 1117 910 1165 po·

163 1178 219 1235 tuit,
237 1180 263 1226 in
276 1181 404 1224 Auruncos
415 1174 499 1224 dunae.
519 1175 553 1222 ibi
571 1175 713 1240 praedonum
728 1175 818 1239 magis,
837 1182 910 1240 quam

163 1253 276 1313 hostiurn,
294 1253 370 1300 animi
383 1251 488 1299 inventi.
515 1250 595 1298 Prima
603 1251 686 1314 itaque
697 1251 751 1297 acie
761 1250 910 1300 debellatum

161 1330 204 1378 cst.
239 1328 352 1378 Distator
362 1340 453 1389 tamen,
471 1328 529 1392 quia
541 1327 565 1375 8t
579 1327 645 1379 ultro
660 1327 752 1377 bellum
766 1328 922 1391 intulerant„

161 1407 188 1454 ἃ
200 1405 248 1453 fine
262 1405 437 1453 detreltatione
448 1404 472 1451 sc
491 1404 620 1452 certamini
635 1402 781 1463 offerebant,
797 1407 926 1455 Deomm.

160 1496 261 1547 quoque
272 1495 332 1547 opes
342 1481 492 1529 adhibendus
511 1493 584 1542 ratus,
603 1482 667 1530 Inter
678 1480 757 1547 ipsam
768 1482 908 1534 dimicatio-

160 1575 218 1611 nem
227 1558 302 1607 aedern
314 1559 406 1622 Junoni
417 1562 527 1607 Monctae
538 1560 627 1608 vovit:
641 1559 710 1620 cujus
721 1558 852 1610 damnatus
859 1577 907 1612 vo·

160 1638 181 1686 ti
192 1652 270 1702 quum
279 1636 360 1686 vilior
369 1639 475 1685 Romam
483 1636 627 1699 revertisset,
645 1635 763 1685 difflatur&
772 1636 796 1685 se
807 1637 908 1688 abdica·

160 1716 211 1763 vit.
247 1720 347 1763 senatus
366 1712 512 1762 duumviros
536 1713 567 1763 ad
593 1730 647 1763 eum
664 1714 740 1763 adem
756 1708 801 1780 pro
818 1717 906 1782 ampli-

159 1791 246 1841 tudine
255 1791 341 1856 populi
352 1792 458 1840 Romani
474 1790 610 1841 faciendam
622 1792 699 1839 creari
708 1789 782 1852 jussit.
800 1792 906 1843 locus-In

156 1882 215 1915 arec
223 1865 360 1926 destinatus,
379 1881 432 1930 quae
444 1881 500 1915 arca
512 1865 602 1915 adium
614 1869 651 1914 M.
662 1866 753 1915 Manlii
771 1868 907 1933 Capitolini
919 1907 923 1920 ,

156 1942 247 1990 fuerat.
283 1942 408 2003 Consules,
426 1942 550 1991 diffinitoris
564 1945 677 1993 exercitu
686 1942 717 1990 ad
734 1943 827 1992 bc'llurn
843 1944 914 1994 Vol-,-

156 2017 227 2068 scum
242 2019 285 2081 ust,
303 2024 387 2069 Soram
406 2033 438 2068 ex
455 2018 571 2082 hostibus,
589 2020 700 2068 incautos
719 2019 814 2084 adorti,
832 2037 904 2088 cepe-

155 2106 220 2146 runt.
259 2101 334 2146 Anno
346 2098 406 2161 post,
423 2102 495 2160 quam
512 2107 572 2145 vota
588 2107 647 2158 crat,
665 2096 727 2146 ades
741 2100 903 2149 Monetaede·

154 2170 260 2235 dicatur,
278 2178 308 2222 C.
322 2176 418 2223 Marcio
437 2175 522 2222 Rutilo
537 2175 648 2236 tertium,
666 2178 700 2223 T.
716 2174 817 2225 'Manlio
835 2177 904 2226 Tor-

152 2248 374 2313 quatosecunddm
385 2248 532 2298 consulibus.
568 2251 715 2314 Prodigium
724 2254 903 2316 extemplode-

153 2325 303 2372 dIcationem
315 2323 434 2385 secutum,
447 2325 521 2374 simile
533 2328 630 2375 vetusto
640 2327 731 2377 rnotrtis
743 2329 832 2377 Albani
843 2346 904 2396 pro·-

153 2398 232 2463 digio.
251 2412 357 2464 namque
369 2401 393 2448 dt
405 2401 526 2466 lapidibus
539 2404 609 2468 pluit,
628 2404 652 2452 a
661 2418 714 2454 nox
728 2404 834 2452 interdiu
845 2405 902 2455 visa

153 2474 264 2526 Intendi:
281 2470 398 2540 librisque
417 2476 536 2543 inspcliis,
554 2494 630 2543 quum
648 2480 719 2545 plena
730 2480 849 2542 religione
863 2482 905 2529 cis.

151 2554 218 2604 vitas
234 2552 300 2615 silet,
317 2551 411 2602 senatui
429 2555 528 2620 placuit,
546 2555 690 2605 didatorcm
709 2557 824 2606 feriarum
839 2574 900 2608 con-

151 2630 326 2680 stituendarum
336 2631 477 2680 causidici.
513 2632 598 2681 Didus
610 2636 637 2682 Ρ..
654 2633 767 2682 Valerius
783 2634 901 2686 Publico-

150 2708 184 2756 la.
201 2707 314 2771 magister
322 2710 432 2774 equitum
442 2711 464 2757 ei
483 2714 517 2774 Q.
530 2711 619 2759 Faqus
629 2711 760 2759 Ambustus
772 2712 844 2761 datus
854 2712 899 2764 est.

150 2787 211 2834 Non
224 2784 301 2834 tra'bus
319 2791 415 2834 tantum
427 2787 590 2852 supplicatum
601 2788 637 2836 ire
648 2788 748 2853 placuit,
764 2789 807 2839 sed
820 2791 897 2839 liniti-
963 2827 965 2832 2

147 2873 205 2908 mos
215 2863 289 2910 etlam
301 2864 406 2927 populos
413 2881 421 2924 ς
438 2863 547 2928 ordoque
558 2865 595 2926 iis,
611 2880 662 2929 quo
673 2865 776 2930 quisque
787 2866 827 2915 dic
839 2868 897 2933 sup·

147 2936 276 3003 plicarent,
292 2940 416 2989 statutus-²
436 2941 535 3005 Judicia
550 2957 582 2992 eo
598 2957 665 2994 anuo
677 2944 764 3012 populi
782 2944 857 2992 tristia
868 2944 895 2994 in

785 3019 893 3071 fenera-
