1964 3660
111 239 161 298 406
364 224 406 280 n.
441 226 640 280 c1v11‘

111 332 163 373 ut:
180 320 310 372 multitudini
321 320 434 382 concitate,
451 334 494 385 que
504 318 581 383 seron
591 315 707 367 mlimiiut
713 315 795 382 smilis
805 311 865 386 ‘ffllt'

111 416 152 450 nm
159 398 285 466 subtraxisti
295 400 321 463 se
338 398 410 446 ducem
419 433 426 457 ,
443 412 469 446 ne
487 398 533 462 quis
550 397 613 459 alius,
629 395 770 462 quales-mota
786 400 865 451 creare

111 475 314 541 multitudosoleret,
332 474 436 538 existeret.
454 492 503 523 nem
514 476 542 539 se
557 475 639 540 quidem
652 473 706 522 nibil
721 489 761 522 nen
772 472 867 524 arbitrio

110 554 247 620 imperatoris
262 552 368 601 etiarm.
385 552 417 600 illi
429 568 505 618 quoqne
519 561 591 600 tamen
605 550 721 599 videndum
731 561 867 616 magnopere

111 629 158 701 effe,
169 639 194 680 ut
205 631 319 680 exercitum
328 631 351 678 in
358 631 463 695 poteslate
473 628 566 678 haberet.
599 628 695 692 Diffm'i
705 644 745 677 nou
753 627 813 694 poffe
821 626 871 677 ad·.

106 707 136 761 'ec
146 709 259 758 concitatos
267 710 358 758 animes.
371 709 426 773 ipsos
432 705 473 773 fibi
484 706 551 757 locum
561 722 586 756 ac
596 716 679 773 tempus
685 708 798 774 pugnandi
798 707 864 772 sum·
887 756 889 761 ,

108 795 193 854 ptume,
206 785 227 850 ſs
238 784 263 834 ai
275 787 405 854 imperatore
419 802 458 835 non
470 786 539 835 detur.
575 788 642 833 Dum
653 787 703 834 haec
715 786 863 850 loquuntur,

109 864 223 928 jumenta
234 863 299 914 sorte
318 863 441 931 pascentia
457 873 528 912 extra
545 863 637 911 vallum
656 863 730 913 Gallo
748 861 863 926 abigenti

112 937 164 989 duo
175 939 264 989 milites
275 941 381 990 Romani
394 939 544 989 ademerunt.
579 941 609 987 In
620 953 661 987 eos
678 937 737 988 saxa
748 936 864 1001 conjecta

16 1046 20 1052 ·
112 1016 234 1066 &Gallice
252 1017 340 1066 deinde
350 1017 382 1065 ab
394 1020 505 1065 Romana
516 1015 619 1064 statione
631 1016 724 1064 clamor
735 1025 813 1078 ortus,
830 1031 863 1065 ac
882 1056 889 1068 .

112 1093 256 1160 procursum
275 1095 390 1160 utrinque
408 1093 450 1142 est.
485 1096 588 1158 Jamque
605 1092 670 1141 haud
692 1092 779 1160 procul
794 1092 863 1156 jusso

112 1171 199 1236 proelio
210 1185 250 1220 res
262 1181 339 1235 crant,
357 1172 383 1221 ni
395 1171 505 1220 celeriter
516 1169 666 1235 diremptum
681 1179 804 1220 certamen
816 1184 864 1237 per

112 1247 269 1296 centuriones
280 1246 346 1296 esset.
382 1246 509 1296 Affirmant
521 1249 585 1296 certe
596 1261 627 1295 eo
638 1244 694 1295 casu
703 1245 784 1295 -Tullii
794 1245 864 1313 apud

112 1319 257 1370 distatorem
269 1321 328 1372 fides
340 1322 381 1370 est.
400 1337 446 1372 nce
463 1323 596 1388 recipiente
607 1322 659 1385 jam
666 1320 816 1371 ‘dilationem'
824 1337 863 1387 re,

113 1397 138 1446 in
150 1399 273 1463 posterum
285 1400 350 1449 diem
362 1399 475 1462 edicitur,
488 1401 541 1449 acie
552 1411 713 1467 pugnaturos.
747 1398 865 1451 Distato'r

113 1485 205 1540 tamen,
222 1488 251 1526 ut
267 1478 310 1542 qui
325 1478 403 1540 magis
420 1478 516 1540 animis,
533 1483 608 1542 qudm
622 1478 724 1543 viribus,
741 1477 817 1528 scetus
828 1477 864 1528 ad

103 1562 235 1620 ‚certamen
247 1553 411 1617 descenderet,
428 1556 513 1604 omnia
525 1555 712 1623 circumspicere
722 1566 796 1621 atque
806 1559 864 1621 agi-

110 1638 163 1678 tare
174 1631 256 1698 coepit,
273 1641 302 1682 ut
313 1641 364 1682 arte
372 1632 458 1697 ‚aliqud
470 1642 590 1693 terrorem
609 1633 717 1682 hostibus
728 1635 862 1687 incuteret.

114 1707 201 1759 solerti
213 1711 299 1759 animo
310 1724 362 1760 rem
380 1725 473 1762 novam
484 1710 621 1773 excogitat,
638 1713 686 1775 qud
698 1709 785 1760 deinde
795 1712 862 1761 mul-

113 1785 220 1837 tit-nostri
231 1799 303 1853 atque
315 1789 411 1838 externi
424 1789 591 1854 imperatores,
603 1788 683 1837 nostri
694 1803 793 1854 quoque
804 1789 862 1854 qui·

112 1859 170 1914 dam
183 1873 263 1928 aetate,
280 1863 390 1914 usisun't.
425 1864 501 1914 Mulie
518 1863 590 1912 strata
608 1863 703 1914 detrahi
717 1865 802 1929 jubet:
820 1865 862 1916 bt»
906 1865 909 1869 ’

111 1937 197 2004 nisque
217 1947 312 1992 tantum
334 1943 485 1993 centunculis
504 1941 601 2007 relitlis,
625 1942 750 2009 agasones,
764 1942 862 2010 'partim

110 2015 225 2080 captivis,
243 2021 335 2085 partim
345 2034 465 2088 aegrorum
476 2020 549 2068 annis
560 2030 668 2083 ornatos,
681 2021 797 2088 imponit.
813 2021 862 2071 llis

111 2088 162 2140 sere
172 2094 238 2142 mille
250 2095 341 2147 essedis
354 2107 452 2146 eentum
464 2094 580 2145 admiscet
591 2098 691 2162 equites.
705 2097 730 2146 dc
740 2095 812 2147 noete
820 2094 862 2147 su-

111 2181 156 2234 per
166 2171 241 2221 castra
253 2172 279 2221 iu
290 2174 387 2222 montes
396 2171 512 2235 evadere,
530 2189 559 2224 ac
573 2173 639 2223 silvis
651 2173 675 2224 se
686 2173 870 2237 occultarejuae

111 2244 169 2296 bet:
186 2261 266 2312 neque
280 2248 342 2298 inde·
351 2247 408 2307 ante
421 2251 526 2313 moveri,
544 2256 619 2317 quam
630 2251 662 2301 ab
677 2251 703 2301 se
718 2252 862 2317 acciperent

83 2373 87 2377 ,
110 2321 214 2386 signum.
249 2323 313 2389 Ipse,
330 2324 374 2375 ubi
389 2325 483 2387 illuxit,
501 2327 527 2375 in
544 2327 666 2377 radicibus
677 2327 800 2377 montium
812 2341 861 2378 ex·

111 2397 211 2449 tendere
226 2400 308 2450 aciem
316 2403 394 2470 >cepit
405 2401 500 2465 sedulo,
515 2414 544 2454 ut
555 2403 671 2454 adversus
682 2413 778 2454 montes
796 2418 859 2455 con-

110 2477 201 2532 sisteret
217 2477 299 2528 hostis.
329 2480 454 2545 >instruito
474 2483 535 2531 vani
553 2485 652 2533 terroris
669 2493 797 2552 apparatu,
815 2486 880 2550 qui.

111 2555 210 2622 quidem
233 2568 313 2607 terror
333 2559 386 2624 plus
403 2564 464 2626 pene
482 2561 548 2611 veris
569 2562 664 2611 viribus
686 2561 789 2629 proluit,
808 2564 861 2629 pri·

106 2639 153 2686 'mo
164 2636 261 2701 credere
272 2635 345 2686 duces
354 2639 490 2703 Gallorum,
498 2655 548 2690 non
560 2639 717 2690 descensuros
725 2641 750 2689 in
762 2655 862 2706 equum

109 2717 251 2776 Romanos3
277 2713 372 2779 deinde,
394 2717 438 2767 ubi
461 2717 582 2783 degressos
609 2722 710 2785 repente
734 2712 861 2786 videnint,

106 2792 137 2843 ¹de
153 2792 197 2860 ipsi
214 2792 283 2843 avidi
301 2795 440 2845 certaminis
459 2797 485 2845 in
503 2798 615 2863 proelium
632 2805 724 2846 ruunt:
742 2797 862 2864 priusque
878 2830 882 2837 -

107 2880 196 2934 'pugna
207 2871 290 2936 coepit,
308 2875 381 2935 quam
393 2870 487 2936 sgnum
499 2874 532 2923 ab
542 2873 645 2923 ducibus
658 2872 766 2924 daretur.
780 2903 784 2909 -

145 2950 206 2996 XV.
225 2948 313 2996 Acrius
330 2948 442 3000 invasere
462 2951 529 3001 Galli
541 2951 657 3003 dextrum
668 2966 763 3002 cornu:
780 2959 863 3018 neque
880 2988 887 3007 ι,
907 2959 912 2963 ’

107 3022 379 3094 tutionipotuusent,
393 3029 421 3082 u
439 3027 505 3091 tote
521 3031 630 3090 eotoco
650 3027 758 3087 unani
769 3025 863 3094 missen

788 3112 861 3163 θα»
