1964 3660
165 224 214 282 '192
421 215 674 277 QLI'VHfl

166 307 225 368 viri,
242 303 336 358 futuros
348 303 380 369 se,
397 304 496 370 quando
508 305 542 353 ita
554 303 677 366 videatur,
693 300 719 350 in
729 302 848 368 potestate
860 302 907 352 Pa·'

164 390 232 432 trun
244 382 372 432 affirmant.
406 381 435 435 ld
454 383 529 431 modb
543 382 612 431 simul
626 391 700 430 orant
712 396 740 428 ac
751 392 861 443 monent,
878 390 907 429 ut

166 453 221 525 ipsis
232 459 263 508 ab
274 460 368 509 invidia
385 449 515 509 caveatur:
533 474 578 508 nec
590 456 635 508 suo
647 456 764 522 sanguine
774 457 804 507 ad
815 457 907 525 suppli·

162 537 205 584 eia
217 539 316 585 Patrum
328 537 423 603 plebem
436 534 600 586 affuefaciant.
647 547 650 556 ·

199 615 272 661 LIII.
291 614 360 662 Timr
373 613 484 662 Valerius
501 609 675 677 Horatiusque,
691 607 753 659 nsatfi
769 608 799 658 ad
810 608 908 676 plebem

165 685 358 750 conditionibus,
375 688 464 753 quibus
480 686 613 750 videretur,
628 684 794 737 revocandam
804 700 908 753 compo·

164 762 305 830 nendasque
321 781 367 830 res,
384 764 532 815 decemviris
549 779 649 832 quoque
665 763 697 812 ab
715 762 752 812 ira
771 762 908 828 &impetu

164 843 329 916 multitudinis
343 843 616 910 ptaecaverejubentur.
649 839 754 891 Protetti
771 839 861 904 gaudio
872 840 909 888 in·
970 857 975 862 ·

165 922 232 984 genti
243 921 320 987 plebis
339 923 365 971 in
382 923 456 970 castra
476 920 645 987 accipiuntur;
662 919 755 985 quippe
766 917 910 967 liberatores

165 997 232 1048 baud
243 998 316 1048 dubie
328 1000 352 1050 St
364 1001 447 1049 motus
457 999 539 1060 initio,
557 997 661 1048 &exitu
672 997 717 1047 rei.
752 995 792 1044 Ob
803 996 853 1044 haec
864 992 913 1043 ada

165 1078 321 1126 venientibus
333 1079 416 1140 gratiae
427 1076 499 1132 aiiae,
529 1076 612 1126 Icilius
626 1091 672 1141 pro
683 1073 840 1123 multitudine
851 1086 908 1121 ver·

75 1174 79 1180 ·
164 1151 197 1202 ba
208 1153 276 1202 facit.
293 1153 371 1215 Idem,
388 1163 464 1218 quum
475 1153 504 1200 de
516 1151 699 1202 conditionibus
712 1161 832 1213 ageretur,
841 1164 907 1214 quae·

163 1230 274 1279 tentibus
290 1229 383 1292 legatis,
401 1245 455 1293 quae
472 1227 591 1295 postulata
607 1227 684 1293 plebis
695 1225 778 1290 essent,
804 1240 907 1293 compo·

164 1305 210 1354 iito
219 1305 271 1367 jam
285 1317 342 1355 ante
361 1305 495 1355 adventum
512 1305 649 1367 legatorum
661 1303 769 1367 consilio,
786 1319 815 1352 ea
825 1302 907 1370 postu·

97 1405 99 1411 ν
163 1382 234 1446 iavit,
251 1393 280 1431 ut
290 1393 425 1450 appareret,
443 1383 469 1430 in
480 1382 595 1446 equitate
613 1396 694 1430 terum
712 1381 773 1446 plus,
791 1385 864 1445 quam
881 1380 909 1430 in

163 1458 245 1519 annis,
262 1461 349 1526 reponi
356 1459 418 1526 'spei
437 1460 583 1509 Potestatem
594 1458 661 1507 enim
672 1458 836 1519 tribuniciam,
849 1472 908 1524 pro·

163 1535 372 1603 vocationemque
383 1537 533 1604 repetebant,
550 1551 604 1601 quae
618 1546 676 1586 ante
691 1533 844 1584 decemviros
855 1550 908 1585 cre·

163 1621 218 1660 atos
229 1614 321 1662 auxilia
333 1615 409 1681 plebis
420 1614 525 1677 fuerant,
542 1614 568 1665 δι
579 1629 610 1664 ne
623 1615 664 1663 cui
675 1612 755 1663 fraudi
767 1611 831 1675 effen
847 1628 907 1662 con·

164 1687 220 1738 eiffe
231 1691 320 1741 milites
332 1703 374 1741 aut
385 1694 480 1760 plebem
491 1692 522 1743 ad
530 1690 687 1760 repetendam
698 1706 741 1758 per
753 1689 908 1742 secesionem

162 1766 310 1817 iibertatem.
345 1773 383 1818 De
395 1771 593 1821 decemvirorum
605 1769 682 1821 modo
698 1767 818 1835 supplicio
832 1778 907 1820 atrox

164 1843 313 1910 postulatum
323 1846 380 1895 snit.
414 1846 480 1896 Dedi
492 1848 582 1914 quippe
598 1862 640 1897 eoa
656 1859 754 1911 aequum
768 1845 907 1909 censebant,

163 1920 303 1986 vivosque
297 1925 347 1988 igni
362 1935 560 1974 concrematuros
571 1924 736 1974 minabantur.
769 1923 857 1986 Legati
876 1919 913 1986 ati
944 1940 961 1997 ,j

163 2011 206 2047 ea:
225 1999 391 2067 Quaemfiiiis
445 2013 470 2070 t,
486 2002 738 2069 adeiaqaapastaldstis,
755 2003 906 2051 maltrave-
941 2004 971 2069 ἴ(

163 2073 196 2124 tis
207 2076 321 2139 deferenda
334 2081 438 2143 fuerim‘
452 2058 547 2130 libertati
563 2081 619 2129 enim
631 2079 759 2145 cupressea
766 2080 850 2144 petitis,
856 2014 953 2149 ἐς
951 2074 961 2095 ”

162 2150 250 2200 licentia
257 2154 286 2200 ad
295 2156 447 2221 impugnandos
458 2159 518 2207 alios.
539 2159 580 2205 Ira
590 2154 664 2219 vestra
675 2156 744 2221 magis
755 2154 907 2222 ignoscam,

156 2229 229 2292 <quam
243 2229 303 2276 indul
297 2233 391 2295 gendum
402 2233 439 2294 est.
462 2235 539 2299 qnippe
548 2234 584 2299 qui
599 2232 730 2282 crudelitatis
743 2233 807 2282 adia'
798 2250 821 2281 m
831 2233 906 2280 crude-

161 2304 246 2354 litatem
257 2307 328 2368 raitis,
346 2308 373 2356 (a
385 2311 446 2373 priris
455 2316 517 2375 pene,
533 2312 598 2375 patim
608 2309 649 2376 ipfi
658 2308 719 2358 tiberi
737 2311 783 2372 ais,
800 2310 906 2358 dominari

156 2379 210 2444 jam
226 2381 248 2429 ia
258 2382 392 2448 adverstarias
405 2401 436 2434 va
436 2387 481 2435 l.tis
515 2390 662 2453 Nunquamne
672 2388 760 2454 quiescet
770 2389 851 2437 civitat
866 2403 914 2436 aa·

156 2455 233 2520 stra
218 2476 232 2505 a
244 2459 360 2526 fiappiiaiis,
375 2472 413 2512 aa
424 2464 534 2514 Patram
526 2480 549 2512 m
555 2462 639 2530 plebem
649 2467 776 2529 Romanam,
792 2473 830 2515 aat
837 2464 907 2532 piebis

162 2533 297 2596 iaPatras?
332 2539 554 2606 Scatovabismagis,
570 2540 634 2606 quam
642 2540 722 2608 gladio,
739 2539 839 2607 apusest.
863 2543 906 2588 Sa·

162 2602 276 2681 tisfiaperq
277 2631 301 2664 aa
311 2615 443 2681 bamilisest,
460 2613 498 2685 qai
508 2621 624 2686 jareequa
640 2620 662 2668 ia
680 2619 907 2683 cenomaniam

161 2686 291 2750 infereada'
283 2693 394 2756 injuriam,
406 2695 560 2760 aecpatieada.
593 2697 672 2746 Etiam
672 2695 713 2761 ,fi
704 2697 907 2764 iqaaadameeuea

163 2764 200 2813 das
214 2782 254 2816 vas
269 2769 379 2838 praebituri
398 2770 453 2835 estis,
470 2773 907 2842 quum,recuperatismagistratiia51e·
973 2788 978 2793 '

158 2842 187 2905 gi
188 2841 261 2909 basque
272 2849 358 2913 vestris,
369 2849 453 2914 judicia
464 2862 527 2916 peaes
537 2868 577 2902 vas
587 2863 648 2902 eruat
658 2854 684 2902 de
700 2856 770 2920 capite
781 2853 848 2918 aastra
854 2855 907 2918 for·

163 2919 270 2986 ranisque,
286 2935 343 2990 tana,
360 2936 385 2976 at
400 2932 552 2999 qaapmaaasa
561 2931 611 2999 erit,
622 2931 733 2997 statuam
755 2931 907 2983 natuera-

159 2998 208 3048 tm
217 3009 288 3066 repeti
282 3001 349 3066 fitis
360 3003 399 3068 qt,
489 3058 495 3077 -.
530 3026 550 3063 ·,

716 3066 840 3151 ᾏΙν.
856 3071 906 3144 Fa,
