1964 3660
371 225 623 277 LIBERIV.
813 236 864 288 245

114 313 186 370 millo
203 315 323 378 exercitu,
340 317 366 365 in
384 315 471 364 urbem
485 313 589 378 redisset,
606 301 773 380 nequicquam
784 311 808 361 ln
827 312 863 362 se·

116 406 177 444 nutu
189 393 221 443 est
233 392 386 459 conquestus.
422 391 513 456 Infigni
525 390 620 455 magnis
635 390 707 439 rebus
718 406 783 440 anno
795 389 864 440 addiz

117 472 165 534 tur,
183 472 244 521 nihil
268 482 321 520 tum
340 470 371 520 ad
393 476 446 519 reni
470 473 608 518 Romanam
629 469 750 535 pertinere
773 466 864 531 visum,

116 550 183 615 quod
203 537 423 612 Kerthaginienses,
449 547 511 596 tanti
531 546 608 595 hostes
628 545 715 608 futuri,
738 549 791 594 tuin
814 547 865 614 pris

116 632 185 678 mum
210 644 254 695 per
265 627 395 676 seditiones
412 624 550 675 Siculorum
565 624 596 674 ad
609 624 685 690 partia
700 624 799 673 alterius
820 639 865 675 au·

117 705 206 754 xiiium
218 706 244 755 iu
256 705 363 754 Siciliam
374 703 515 752 exercitum
528 701 653 764 trajecere.

119 804 123 811 ·
151 786 236 832 XXX.
256 784 384 847 Agitatum
395 783 421 830 in
434 781 496 829 urbo
513 780 545 829 ab
557 780 661 828 tribunis
679 779 764 844 plebis,
781 792 810 829 ut
821 781 866 830 tri·

116 859 177 911 buni
193 861 301 910 militum
317 859 440 909 consulari
457 857 575 925 potestate
587 868 742 916 crearentur5
760 873 804 907 nec
820 858 868 908 ob..

116 940 189 989 tineri
200 941 292 1006 potuit.
328 936 531 987 Consules-'flunt
545 938 579 984 L.·
589 935 700 1001 Papirius
713 936 815 1000 Crassus,
832 939 865 989 Et

68 1060 78 1093 ὁ
117 1016 205 1080 Julius.
240 1014 475 1084 AEquorum‘legati·
487 1011 616 1062 soed'rreab·>
628 1010 712 1060 senatu
723 1017 780 1061 cum
793 1012 867 1079 petis-

116 1091 177 1156 sent,
196 1093 220 1142 &
232 1109 277 1159 pro
296 1091 391 1141 foedere
403 1091 498 1141 deditio
510 1091 678 1152 ostentaretur,
697 1089 807 1139 inducias
822 1107 866 1142 an·

116 1172 206 1219 norum
216 1169 272 1221 osio
284 1172 486 1236 impetraverunt.
523 1166 672 1217 Volscorum
684 1182 728 1231 ree,
741 1167 813 1234 super
824 1184 867 1218 ac*

117 1257 215 1313 ceptam
226 1245 252 1295 in
262 1244 352 1310 Algido
363 1245 465 1308 cladem,
477 1244 597 1312 pertinaci
609 1245 742 1292 certamine
750 1244 813 1294 inter
821 1259 866 1312 pn⁴

117 1323 153 1374 eis
163 1322 270 1388 bellique
280 1320 389 1393 auctores
401 1320 517 1387 injurgia
529 1320 554 1371 u
566 1319 788 1370 seditioueevcrsn.
813 1325 867 1374 Uti·

117 1400 192 1466 dique
204 1401 288 1451 otum
302 1399 350 1450 suit
360 1401 488 1451 Romanis.
523 1401 617 1463 Legem
633 1399 664 1449 de
675 1397 821 1450 muletarum
833 1417 868 1453 ι·

118 1477 258 1528 slitnatione
265 1488 407 1545 pergratam
419 1477 522 1546 populo,
539 1492 618 1542 quum
628 1477 661 1526 ab
670 1478 774 1528 tribunis
785 1479 868 1546 parati

118 1556 232 1606 consulu
239 1556 312 1605 unius
326 1571 358 1605 ex
375 1556 481 1620 collegio
492 1553 633 1623 proditione
646 1555 803 1622 excepissent,
821 1557 868 1625 ipfi

112 1642 355 1704 praeoccupaverunt
372 1631 444 1681 ferre.
479 1630 596 1680 Consules
607 1633 640 1680 L.
655 1635 751 1697 Sergius
762 1634 868 1691 Fidenae

119 1710 218 1774 iterum,
235 1711 324 1761 nolus
338 1710 468 1760 Lucretius
480 1710 655 1775 Tricipitinum
681 1711 750 1761 Nihil
763 1712 867 1778 dignum

118 1787 185 1838 dislu
202 1787 282 1837 aslum
300 1787 337 1835 hit
355 1786 506 1837 consulibus.
541 1786 622 1836 secuti
641 1789 814 1857 eoeeonsulet,
832 1796 868 1842 Α.

119 1864 247 1914 Cornelius
263 1860 355 1925 coslus,
374 1865 409 1910 Ψ.
423 1861 552 1926 Qrinsiius
569 1863 780 1916 Pennusdoerum.
814 1871 867 1918 Ve-

115 1940 196 2004 jeutes
207 1940 232 1989 in
249 1952 336 2002 agrium
348 1940 490 1988 Romanum
500 1938 655 1989 exuusronet
665 1940 785 1991 lecerunt.
820 1942 867 1995 Fa·

56 2039 58 2044 ·
117 2032 159 2069 me
171 2016 228 2079 fuit,
244 2013 362 2080 quosdam
373 2030 405 2065 ex
423 2015 582 2073 Fidenatium
593 2015 725 2079 juventute
736 2020 869 2087 participet

119 2094 172 2157 ejus
184 2092 356 2160 populationis
370 2089 456 2140 luisse:
475 2087 700 2156 cognitioqueejiu
716 2090 751 2142 rei
767 2091 799 2143 L.
810 2096 869 2144 Set*
974 2089 977 2092 ⁴

118 2171 170 2235 gio,
188 2168 212 2219 ἃ
226 2173 259 2232 Q.
272 2167 384 2232 Servilio,
402 2167 428 2220 dt
438 2169 519 2217 Mam.
531 2165 636 2217 AEmili'n
651 2167 772 2236 permissa.
803 2170 867 2236 Qui.

118 2245 176 2296 dam
188 2245 279 2294 Ostiam
290 2244 399 2310 relegati,
416 2241 490 2310 quod,
508 2258 607 2311 nir-per
617 2259 659 2294 eos
676 2245 728 2296 dies
742 2251 757 2297 a
768 2247 868 2300 Fidenis

117 2321 238 2388 aluissent,
256 2337 342 2390 parum
354 2321 495 2372 constabat.
512 2321 660 2372 colonorum
671 2322 767 2375 additus
779 2341 867 2376 nume·

119 2415 168 2462 rue,
185 2416 291 2465 agerque
302 2401 331 2450 iis
347 2400 413 2451 bello
424 2402 631 2468 interemptorum
642 2401 779 2467 assignatus.
814 2405 867 2455 Sic·

119 2477 193 2525 eitate
204 2492 235 2525 eo
246 2492 312 2525 anno
330 2477 462 2542 plurimum
479 2477 619 2529 laboratum
638 2479 687 2528 est:
705 2495 751 2530 nec
762 2481 867 2532 coeleslee

119 2549 195 2602 modb
205 2549 335 2599 defuerunt
350 2566 427 2614 aquae,
443 2550 485 2601 fed
496 2561 560 2600 terra
571 2567 678 2618 quoque,
696 2556 808 2618 ingenito
819 2556 867 2606 hu-

120 2641 190 2676 more
202 2641 283 2690 egens,
300 2626 346 2675 vix
357 2625 389 2675 ad
409 2641 525 2692 perennes
536 2626 631 2678 suffecit
641 2645 733 2680 amnes.
759 2630 869 2682 desestua

119 2705 180 2754 alibi
199 2719 318 2770 aquarum
334 2703 398 2752 circa
414 2703 521 2754 torridos
540 2704 621 2755 sontes
631 2708 747 2773 rivosque
763 2707 868 2772 stragem

120 2782 158 2833 sni
169 2796 288 2859 pecorum
298 2782 457 2831 morientium
468 2780 551 2833 dedit:
570 2782 650 2833 scabie
660 2783 709 2832 alia
719 2783 849 2851 absumpta
858 2801 868 2836 t

120 2861 266 2923 vulgatique
277 2859 390 2909 contestu
402 2861 428 2911 in
443 2861 553 2910 homines
563 2861 653 2923 morbi,
671 2861 697 2910 ἃ
708 2862 788 2928 primo
803 2862 829 2911 in
839 2878 867 2912 a·

121 2934 208 3000 gresten
225 2935 367 2997 ingruerant
383 2935 540 3001 servitiaque.
563 2933 621 2983 urbs
638 2935 725 2986 deinde
741 2937 867 3004 impletura

122 3013 175 3066 Nec
195 3025 300 3080 corpora
310 3011 388 3064 modo
404 3010 490 3075 adeda
508 3011 577 3080 tabo,
594 3009 635 3063 sed
653 3013 747 3068 annuos
766 3002 868 3085 quoque

460 3090 484 3142 L
502 3102 516 3150 3
779 3090 870 3146 multia
