1964 3660
354 203 380 250 L
396 205 409 252 Ῐ
424 205 444 253 -B
461 204 482 253 Ε
498 207 522 255 R
553 207 576 257 ἶ.
808 230 841 276 47

98 294 141 341 cae,
164 279 203 330 sed
221 296 252 331 ne
264 282 354 332 Italicae
365 288 463 350 quidem
480 291 573 356 stirpis;
590 301 642 340 tum
655 293 785 360 impensius
805 299 842 348 his

97 355 229 420 indignitas
238 359 350 424 cresccre,
362 363 417 412 fine
428 366 459 413 ab
472 368 610 432 Tarquinio
618 369 715 432 quidem
727 372 757 419 ad
769 374 793 421 se
803 388 842 422 re-

51 478 53 486 ,
97 431 160 480 diret
171 449 281 498 regnum,
299 437 338 485 sed
352 453 457 507 praeceps
467 442 523 490 inde
534 448 608 509 porro
619 443 649 492 ad
661 445 759 494 servitia
770 448 841 497 eade-

97 517 151 554 ret:
169 520 197 557 ut
208 511 233 557 in
244 511 328 560 eadem
340 515 440 564 civitate
451 516 504 582 post
515 517 670 566 centesimum
679 519 728 568 sere
740 537 840 585 annum,

97 588 171 647 quam
179 587 305 649 Romulus,
316 591 370 636 Deo
382 602 522 656 prognatus,
538 595 606 642 Deus
617 593 675 659 ipse,
688 599 792 645 tenuerit
802 614 841 646 re-

96 673 182 722 gnum,
199 661 277 711 donec
288 665 313 712 in
324 667 394 715 terris
404 666 485 731 suerit,
497 669 522 717 id
533 669 615 718 servus
624 671 692 718 servi
703 683 772 722 natus
784 672 840 739 pos·

96 730 179 782 fideat.
204 747 257 784 tum
264 753 400 789 commune
411 743 517 791 Romani
528 743 641 804 nominis,
659 756 711 792 turn
721 749 840 813 praecipue
887 771 893 777 ·

97 805 122 856 id
133 806 219 858 dornsu
234 811 282 862 suae
293 813 395 864 dedecus
412 816 473 879 sore,
492 817 517 880 fi,
536 818 598 866 Anu
611 821 672 882 regis
687 821 753 870 virili
768 823 840 889 slirpc

97 883 171 947 salvi,
183 890 233 935 non
244 889 319 938 modo
327 890 435 955 advenis,
446 892 485 941 sed
497 892 571 941 servis
582 894 663 956 etiam,
672 910 774 958 regnum
787 902 839 947 Ro·

96 972 143 1008 mae
153 972 255 1025 pateret.
273 968 348 1015 Ferro
365 969 441 1032 igitur
451 986 504 1018 cam
516 983 596 1018 arcere
608 973 782 1021 contumeliam
793 974 838 1022 sla·

89 1044 177 1085 ruunt.
205 1039 248 1088 Sed
259 1042 283 1092 8<
294 1044 387 1107 injuriae
399 1045 469 1094 dolor
480 1046 505 1094 in
517 1045 682 1112 Tarquinium
695 1045 774 1109 ipsum
785 1063 838 1097 ma·

96 1111 141 1174 gis,
152 1119 224 1178 quam
237 1117 262 1166 in
273 1123 393 1184 Servium,
406 1137 447 1170 eos
459 1121 610 1170 stimulabat:
627 1121 652 1170 dc
666 1122 723 1186 quia
738 1124 841 1185 gravior

95 1189 161 1238 ultor
175 1192 251 1258 cadis,
267 1197 283 1245 sr
296 1196 430 1265 superesset,
448 1203 503 1248 Rex
518 1197 613 1247 iuturus
630 1209 689 1259 erat,
702 1204 775 1264 quam
787 1200 838 1266 pri·

96 1277 182 1317 vatus:
203 1280 263 1333 tum,
283 1276 367 1323 Servio
380 1274 468 1337 occiso,
489 1288 659 1338 quemcunque
678 1273 752 1322 alium
764 1290 837 1338 gene-

95 1356 151 1391 rum
170 1345 297 1412 delegisset,
316 1352 420 1399 eundem
434 1352 503 1413 regni
515 1349 633 1399 haercdem
653 1348 756 1412 saslurus
769 1352 838 1400 vide·
866 1341 934 1472 -Οιχ

94 1417 174 1470 batur.
211 1427 249 1474 Ob
259 1428 310 1477 haee
319 1430 362 1494 ipsi
371 1429 421 1492 regi
433 1428 521 1477 insidiae
530 1438 653 1494 parantur.
688 1430 727 1475 Ex
735 1429 837 1493 pallori-

94 1493 140 1544 bus
157 1498 206 1549 duo
223 1501 358 1552 ferocisfimi
370 1502 452 1552 delesli
464 1504 494 1552 ad
505 1503 607 1564 facinus,
626 1502 713 1566 quibus
728 1504 836 1557 consueti

94 1584 269 1641 erantuterque
278 1581 408 1644 agrestibus
417 1581 574 1642 ferramentis,
592 1578 615 1625 in
625 1578 744 1628 vestibulo
755 1581 836 1647 regiae,

93 1655 164 1713 quam
175 1664 277 1718 potuere
294 1655 507 1718 tumultuosissime,
525 1655 602 1722 specie
613 1654 673 1702 rixae
683 1653 739 1701 inse
749 1670 834 1706 omnes

92 1729 240 1793 apparitores
257 1735 336 1796 regios
348 1743 512 1783 convertunt:
531 1731 596 1793 inde,
613 1745 687 1794 quum
698 1730 772 1778 ambo
785 1733 833 1779 Re·

94 1817 150 1865 gem
165 1806 320 1871 appellarent,
338 1809 476 1871 clamorque
492 1821 576 1854 eorum
595 1804 689 1871 penitus
702 1804 727 1852 in
742 1805 834 1867 regiam

93 1880 244 1944 pervenisset¹
264 1884 350 1930 vocati
361 1883 391 1929 ad
402 1897 484 1943 regem
496 1890 608 1945 pergunt.
644 1880 726 1926 Primo
737 1889 835 1942 uterque

92 1955 234 2018 vociferari,
251 1958 276 2003 Bc
297 1959 407 2004 certatim
421 1958 481 2002 alter
494 1956 563 2002 alteri
575 1953 720 2016 obstrepere,
738 1954 836 2002 coseciti

91 2029 123 2080 ab
131 2032 224 2094 littore,
237 2031 260 2079 dc
270 2031 325 2092 jussi
337 2030 361 2078 in
373 2031 452 2077 vicem
463 2030 550 2091 dicere,
562 2027 658 2075 tandem
667 2025 767 2089 obloqui
777 2026 834 2076 desi-

90 2107 163 2156 ssunt.
192 2110 259 2155 Unus
270 2123 321 2155 rem
332 2122 364 2155 cx
377 2104 511 2170 composito
522 2094 624 2152 orditur.
652 2105 715 2151 Cum
728 2103 834 2154 intentus

90 2181 117 2230 in
133 2198 187 2230 eum
199 2183 223 2230 se
232 2185 287 2232 Rex
296 2192 362 2230 totus
377 2171 507 2241 ave‘rtcret,
526 2177 587 2228 alter
600 2176 687 2225 elatam
698 2174 798 2226 securim
807 2178 833 2230 in

17 2298 25 2305 .
91 2270 165 2324 caput
175 2257 278 2321 dejecit:
296 2258 427 2323 relisloque
439 2257 464 2305 in
478 2256 578 2306 vulnere
593 2253 650 2319 telo,
667 2253 741 2304 ambo
758 2253 782 2303 sc
792 2253 832 2307 so·

91 2326 129 2384 ras
141 2335 250 2397 ejiciunt.

125 2413 195 2460 XLI.
214 2412 376 2475 Tarquinium
392 2406 564 2458 moribundum
576 2422 658 2474 qutun,
675 2399 717 2472 qui
732 2408 796 2458 circa
806 2423 831 2458 e-

90 2499 154 2550 rant,
176 2488 330 2554 excepissent,
352 2487 406 2536 illos
422 2486 542 2549 fugientes
558 2484 650 2534 lislores
671 2484 829 2547 comprehen-

90 2564 160 2613 dunt.
191 2564 282 2612 clamor
296 2562 352 2613 inde
377 2559 552 2625 concursusque
572 2560 663 2627 populi,
688 2561 830 2608 mirantium
860 2615 864 2622 .

89 2637 147 2705 quid
158 2639 191 2687 rei
199 2637 263 2686 effet.
298 2638 422 2702 Tanaquil
436 2637 498 2684 inter
510 2635 640 2684 teunultum
651 2631 729 2681 claudi
738 2633 831 2696 regiam

83 2717 164 2781 jubet,
170 2715 276 2768 arbitros
291 2715 372 2777 ejicit:
391 2713 466 2776 simul,
478 2727 531 2776 quae
543 2709 651 2760 curando
660 2707 757 2756 vulneri
769 2721 830 2772 opus

88 2793 151 2855 sunt,
168 2803 283 2855 tanquam
294 2791 345 2856 spes
354 2780 471 2850 subesset,
481 2785 561 2847 sedulo
569 2793 709 2848 comparat:
727 2781 829 2844 sunul,li

88 2868 200 2917 destituat
219 2867 278 2935 spes,
295 2869 341 2915 alia
358 2862 464 2931 praesidia
480 2861 590 2910 molitur.
626 2857 711 2906 Servio
729 2859 830 2923 propere¹

85 2944 176 3008 accito,
192 2958 267 3009 quum
279 2947 342 3009 pene
353 2938 501 3004 exsanguem
511 2929 751 2996 virrmroslcndisl'e15
768 2931 828 2982 dex·

294 3017 298 3022 '
765 3016 828 3061 tram
