<?xml version="1.0" encoding="UTF-8"?>
<!DOCTYPE html PUBLIC "-//W3C//DTD XHTML 1.0 Transitional//EN"
    "http://www.w3.org/TR/xhtml1/DTD/xhtml1-transitional.dtd">
<html xmlns="http://www.w3.org/1999/xhtml" xml:lang="en" lang="en">
 <head>
  <title>
</title>
<meta http-equiv="Content-Type" content="text/html;charset=utf-8" />
  <meta name='ocr-system' content='tesseract 3.04.00' />
  <meta name='ocr-capabilities' content='ocr_page ocr_carea ocr_par ocr_line ocrx_word'/>
</head>
<body>
  <div class='ocr_page' id='page_1' title='image "./titiliviipatavi00livygoog_0497.png"; bbox 0 0 1964 3660; ppageno 0'>
   <div class='ocr_carea' id='block_1_1' title="bbox 112 159 599 222">
    <p class='ocr_par' dir='ltr' id='par_1_1' title="bbox 112 159 599 222">
     <span class='ocr_line' id='line_1_1' title="bbox 112 159 599 222; baseline 0.006 -12"><span class='ocrx_word' id='word_1_1' title='bbox 112 159 163 222; x_wconf 69' lang='lat'>486</span> <span class='ocrx_word' id='word_1_2' title='bbox 370 163 599 213; x_wconf 73' lang='lat' dir='ltr'>T.1.1·tt11</span> 
     </span>
    </p>
   </div>
   <div class='ocr_carea' id='block_1_2' title="bbox 72 251 870 2082">
    <p class='ocr_par' dir='ltr' id='par_1_2' title="bbox 72 251 870 2082">
     <span class='ocr_line' id='line_1_2' title="bbox 112 251 863 324; baseline 0.007 -22"><span class='ocrx_word' id='word_1_3' title='bbox 112 253 191 316; x_wconf 84' lang='lat' dir='ltr'>ignari</span> <span class='ocrx_word' id='word_1_4' title='bbox 203 251 298 304; x_wconf 77' lang='lat' dir='ltr'>venisse</span> <span class='ocrx_word' id='word_1_5' title='bbox 306 253 458 318; x_wconf 62' lang='lat' dir='ltr'>dictatorem,</span> <span class='ocrx_word' id='word_1_6' title='bbox 475 254 525 319; x_wconf 90' lang='lat' dir='ltr'>scu,</span> <span class='ocrx_word' id='word_1_7' title='bbox 542 254 632 306; x_wconf 82' lang='lat' dir='ltr'>adesset</span> <span class='ocrx_word' id='word_1_8' title='bbox 642 271 673 306; x_wconf 86' lang='lat' dir='ltr'>an</span> <span class='ocrx_word' id='word_1_9' title='bbox 684 255 784 321; x_wconf 71' lang='lat' dir='ltr'>abesset,</span> <span class='ocrx_word' id='word_1_10' title='bbox 802 271 863 324; x_wconf 76' lang='lat' dir='ltr'>par-</span> 
     </span>
     <span class='ocr_line' id='line_1_3' title="bbox 113 330 863 395; baseline 0.009 -18"><span class='ocrx_word' id='word_1_11' title='bbox 113 330 141 378; x_wconf 85' lang='lat' dir='ltr'>vi</span> <span class='ocrx_word' id='word_1_12' title='bbox 153 330 277 395; x_wconf 79' lang='lat' dir='ltr'>facientes,</span> <span class='ocrx_word' id='word_1_13' title='bbox 295 331 407 384; x_wconf 64' lang='lat' dir='ltr'>instructa</span> <span class='ocrx_word' id='word_1_14' title='bbox 419 333 471 381; x_wconf 87' lang='lat' dir='ltr'>acic</span> <span class='ocrx_word' id='word_1_15' title='bbox 482 331 513 381; x_wconf 91' lang='lat' dir='ltr'>ad</span> <span class='ocrx_word' id='word_1_16' title='bbox 531 333 606 382; x_wconf 82' lang='lat' dir='ltr'>castra</span> <span class='ocrx_word' id='word_1_17' title='bbox 617 333 775 384; x_wconf 80' lang='lat' dir='ltr'>accesserunt.</span> <span class='ocrx_word' id='word_1_18' title='bbox 814 339 863 384; x_wconf 84' lang='lat' dir='ltr'>Ce-</span> 
     </span>
     <span class='ocr_line' id='line_1_4' title="bbox 113 409 863 477; baseline 0.007 -23"><span class='ocrx_word' id='word_1_19' title='bbox 113 412 194 457; x_wconf 80' lang='lat' dir='ltr'>terum</span> <span class='ocrx_word' id='word_1_20' title='bbox 206 420 304 458; x_wconf 86' lang='lat' dir='ltr'>tantum</span> <span class='ocrx_word' id='word_1_21' title='bbox 319 410 438 458; x_wconf 82' lang='lat' dir='ltr'>momenti</span> <span class='ocrx_word' id='word_1_22' title='bbox 456 409 481 469; x_wconf 89' lang='lat' dir='ltr'>in</span> <span class='ocrx_word' id='word_1_23' title='bbox 499 410 550 458; x_wconf 84' lang='lat' dir='ltr'>uu&#39;o</span> <span class='ocrx_word' id='word_1_24' title='bbox 570 412 626 459; x_wconf 89' lang='lat' dir='ltr'>viro</span> <span class='ocrx_word' id='word_1_25' title='bbox 646 413 676 460; x_wconf 94' lang='lat' dir='ltr'>L.</span> <span class='ocrx_word' id='word_1_26' title='bbox 690 412 791 477; x_wconf 85' lang='lat' dir='ltr'>Papirio</span> <span class='ocrx_word' id='word_1_27' title='bbox 803 411 863 474; x_wconf 84' lang='lat' dir='ltr'>fuit,</span> 
     </span>
     <span class='ocr_line' id='line_1_5' title="bbox 112 485 865 551; baseline 0.008 -20"><span class='ocrx_word' id='word_1_28' title='bbox 112 493 149 544; x_wconf 88' lang='lat' dir='ltr'>ut,</span> <span class='ocrx_word' id='word_1_29' title='bbox 162 485 179 532; x_wconf 81' lang='lat' dir='ltr'>sr</span> <span class='ocrx_word' id='word_1_30' title='bbox 191 486 259 536; x_wconf 88' lang='lat' dir='ltr'>ducis</span> <span class='ocrx_word' id='word_1_31' title='bbox 271 485 369 533; x_wconf 81' lang='lat' dir='ltr'>confilia</span> <span class='ocrx_word' id='word_1_32' title='bbox 380 485 454 534; x_wconf 84' lang='lat' dir='ltr'>favor</span> <span class='ocrx_word' id='word_1_33' title='bbox 465 485 605 535; x_wconf 83' lang='lat' dir='ltr'>subsecutus</span> <span class='ocrx_word' id='word_1_34' title='bbox 614 489 722 537; x_wconf 85' lang='lat' dir='ltr'>militum</span> <span class='ocrx_word' id='word_1_35' title='bbox 733 487 809 551; x_wconf 86' lang='lat' dir='ltr'>soret,</span> <span class='ocrx_word' id='word_1_36' title='bbox 822 487 865 537; x_wconf 72' lang='lat' dir='ltr'>de-</span> 
     </span>
     <span class='ocr_line' id='line_1_6' title="bbox 72 559 864 629; baseline 0.003 -19"><span class='ocrx_word' id='word_1_37' title='bbox 72 618 74 621; x_wconf 28' lang='lat'>·</span> <span class='ocrx_word' id='word_1_38' title='bbox 113 559 198 610; x_wconf 86' lang='lat' dir='ltr'>bellari</span> <span class='ocrx_word' id='word_1_39' title='bbox 210 577 240 610; x_wconf 90' lang='lat' dir='ltr'>co</span> <span class='ocrx_word' id='word_1_40' title='bbox 259 560 298 610; x_wconf 86' lang='lat' dir='ltr'>die</span> <span class='ocrx_word' id='word_1_41' title='bbox 310 577 368 609; x_wconf 87' lang='lat' dir='ltr'>cnm</span> <span class='ocrx_word' id='word_1_42' title='bbox 379 563 526 610; x_wconf 80' lang='lat' dir='ltr'>Samnitibus</span> <span class='ocrx_word' id='word_1_43' title='bbox 539 562 649 628; x_wconf 81' lang='lat' dir='ltr'>potuisse,</span> <span class='ocrx_word' id='word_1_44' title='bbox 666 579 712 629; x_wconf 80' lang='lat' dir='ltr'>pro</span> <span class='ocrx_word' id='word_1_45' title='bbox 730 563 797 613; x_wconf 91' lang='lat' dir='ltr'>haud</span> <span class='ocrx_word' id='word_1_46' title='bbox 815 564 864 612; x_wconf 84' lang='lat' dir='ltr'>du-</span> 
     </span>
     <span class='ocr_line' id='line_1_7' title="bbox 113 634 870 704; baseline 0.003 -20"><span class='ocrx_word' id='word_1_47' title='bbox 113 634 156 684; x_wconf 82' lang='lat' dir='ltr'>bin</span> <span class='ocrx_word' id='word_1_48' title='bbox 169 636 280 685; x_wconf 87' lang='lat' dir='ltr'>habitum</span> <span class='ocrx_word' id='word_1_49' title='bbox 292 637 334 686; x_wconf 86' lang='lat' dir='ltr'>fit:</span> <span class='ocrx_word' id='word_1_50' title='bbox 354 637 388 685; x_wconf 87' lang='lat' dir='ltr'>ita</span> <span class='ocrx_word' id='word_1_51' title='bbox 406 637 519 686; x_wconf 79' lang='lat' dir='ltr'>instruxit</span> <span class='ocrx_word' id='word_1_52' title='bbox 535 639 682 699; x_wconf 85' lang='lat' dir='ltr'>aciemloco</span> <span class='ocrx_word' id='word_1_53' title='bbox 699 654 728 687; x_wconf 83' lang='lat' dir='ltr'>ac</span> <span class='ocrx_word' id='word_1_54' title='bbox 741 637 870 704; x_wconf 36' lang='lat' dir='ltr'>subsidiis,-</span> 
     </span>
     <span class='ocr_line' id='line_1_8' title="bbox 113 712 864 778; baseline 0.005 -17"><span class='ocrx_word' id='word_1_55' title='bbox 113 712 148 761; x_wconf 86' lang='lat' dir='ltr'>ita</span> <span class='ocrx_word' id='word_1_56' title='bbox 160 716 228 762; x_wconf 90' lang='lat' dir='ltr'>omni</span> <span class='ocrx_word' id='word_1_57' title='bbox 246 725 298 764; x_wconf 90' lang='lat' dir='ltr'>arte</span> <span class='ocrx_word' id='word_1_58' title='bbox 317 714 405 763; x_wconf 74' lang='lat' dir='ltr'>bellica</span> <span class='ocrx_word' id='word_1_59' title='bbox 422 714 540 763; x_wconf 80' lang='lat' dir='ltr'>firmavit.</span> <span class='ocrx_word' id='word_1_60' title='bbox 559 716 673 764; x_wconf 83' lang='lat' dir='ltr'>cellatum</span> <span class='ocrx_word' id='word_1_61' title='bbox 689 715 809 778; x_wconf 69' lang='lat' dir='ltr'>amilite,</span> <span class='ocrx_word' id='word_1_62' title='bbox 833 730 864 765; x_wconf 87' lang='lat' dir='ltr'>ac</span> 
     </span>
     <span class='ocr_line' id='line_1_9' title="bbox 113 787 866 858; baseline 0.004 -20"><span class='ocrx_word' id='word_1_63' title='bbox 113 787 144 838; x_wconf 91' lang='lat' dir='ltr'>dc</span> <span class='ocrx_word' id='word_1_64' title='bbox 155 791 279 853; x_wconf 80' lang='lat' dir='ltr'>industria,</span> <span class='ocrx_word' id='word_1_65' title='bbox 296 801 325 838; x_wconf 88' lang='lat' dir='ltr'>ut</span> <span class='ocrx_word' id='word_1_66' title='bbox 336 789 513 839; x_wconf 77' lang='lat' dir='ltr'>obtreslaretur</span> <span class='ocrx_word' id='word_1_67' title='bbox 524 791 636 840; x_wconf 85' lang='lat' dir='ltr'>laudibus</span> <span class='ocrx_word' id='word_1_68' title='bbox 647 791 722 854; x_wconf 83' lang='lat' dir='ltr'>ducis,</span> <span class='ocrx_word' id='word_1_69' title='bbox 740 791 866 858; x_wconf 84' lang='lat' dir='ltr'>impedita</span> 
     </span>
     <span class='ocr_line' id='line_1_10' title="bbox 112 865 863 936; baseline 0.004 -22"><span class='ocrx_word' id='word_1_70' title='bbox 112 865 218 915; x_wconf 79' lang='lat' dir='ltr'>vidioria</span> <span class='ocrx_word' id='word_1_71' title='bbox 230 868 270 916; x_wconf 87' lang='lat' dir='ltr'>cst.</span> <span class='ocrx_word' id='word_1_72' title='bbox 306 867 388 915; x_wconf 87' lang='lat' dir='ltr'>Plures</span> <span class='ocrx_word' id='word_1_73' title='bbox 410 867 553 917; x_wconf 84' lang='lat' dir='ltr'>Samnitium</span> <span class='ocrx_word' id='word_1_74' title='bbox 571 867 694 916; x_wconf 75' lang='lat' dir='ltr'>cecidere:</span> <span class='ocrx_word' id='word_1_75' title='bbox 714 868 795 936; x_wconf 81' lang='lat' dir='ltr'>plures</span> <span class='ocrx_word' id='word_1_76' title='bbox 807 871 863 917; x_wconf 83' lang='lat' dir='ltr'>Ro·</span> 
     </span>
     <span class='ocr_line' id='line_1_11' title="bbox 113 939 863 1006; baseline -0.001 -15"><span class='ocrx_word' id='word_1_77' title='bbox 113 943 181 991; x_wconf 88' lang='lat' dir='ltr'>mani</span> <span class='ocrx_word' id='word_1_78' title='bbox 193 942 316 990; x_wconf 87' lang='lat' dir='ltr'>vulnerati</span> <span class='ocrx_word' id='word_1_79' title='bbox 327 939 391 989; x_wconf 85' lang='lat' dir='ltr'>sunt.</span> <span class='ocrx_word' id='word_1_80' title='bbox 427 941 501 989; x_wconf 80' lang='lat' dir='ltr'>Sensit</span> <span class='ocrx_word' id='word_1_81' title='bbox 519 942 609 1006; x_wconf 88' lang='lat' dir='ltr'>peritus</span> <span class='ocrx_word' id='word_1_82' title='bbox 625 941 685 1003; x_wconf 80' lang='lat' dir='ltr'>dux,</span> <span class='ocrx_word' id='word_1_83' title='bbox 703 956 806 1006; x_wconf 82' lang='lat' dir='ltr'>quaeres</span> <span class='ocrx_word' id='word_1_84' title='bbox 820 943 863 990; x_wconf 43' lang='lat' dir='ltr'>viz</span> 
     </span>
     <span class='ocr_line' id='line_1_12' title="bbox 113 1015 863 1080; baseline 0.005 -16"><span class='ocrx_word' id='word_1_85' title='bbox 113 1015 195 1066; x_wconf 66' lang='lat' dir='ltr'>floriac</span> <span class='ocrx_word' id='word_1_86' title='bbox 207 1017 327 1065; x_wconf 84' lang='lat' dir='ltr'>obstaret:</span> <span class='ocrx_word' id='word_1_87' title='bbox 346 1016 531 1080; x_wconf 88' lang='lat' dir='ltr'>temperandum</span> <span class='ocrx_word' id='word_1_88' title='bbox 543 1017 670 1079; x_wconf 81' lang='lat' dir='ltr'>ingenium</span> <span class='ocrx_word' id='word_1_89' title='bbox 681 1016 751 1067; x_wconf 88' lang='lat' dir='ltr'>suum</span> <span class='ocrx_word' id='word_1_90' title='bbox 763 1015 822 1078; x_wconf 72' lang='lat' dir='ltr'>effe,</span> <span class='ocrx_word' id='word_1_91' title='bbox 835 1018 863 1068; x_wconf 69' lang='lat'>8&lt;</span> 
     </span>
     <span class='ocr_line' id='line_1_13' title="bbox 113 1092 862 1157; baseline 0.001 -14"><span class='ocrx_word' id='word_1_92' title='bbox 113 1092 270 1143; x_wconf 80' lang='lat' dir='ltr'>severi-tatem</span> <span class='ocrx_word' id='word_1_93' title='bbox 279 1092 427 1141; x_wconf 80' lang='lat' dir='ltr'>miscendam</span> <span class='ocrx_word' id='word_1_94' title='bbox 439 1093 559 1144; x_wconf 85' lang='lat' dir='ltr'>comitati.</span> <span class='ocrx_word' id='word_1_95' title='bbox 587 1096 682 1157; x_wconf 79' lang='lat' dir='ltr'>Itaque,</span> <span class='ocrx_word' id='word_1_96' title='bbox 699 1092 816 1143; x_wconf 86' lang='lat' dir='ltr'>adhibitis</span> <span class='ocrx_word' id='word_1_97' title='bbox 826 1095 862 1144; x_wconf 66' lang='lat' dir='ltr'>le÷</span> 
     </span>
     <span class='ocr_line' id='line_1_14' title="bbox 114 1167 864 1235; baseline 0.001 -18"><span class='ocrx_word' id='word_1_98' title='bbox 114 1171 183 1232; x_wconf 82' lang='lat' dir='ltr'>gatis,</span> <span class='ocrx_word' id='word_1_99' title='bbox 202 1169 253 1235; x_wconf 87' lang='lat' dir='ltr'>ipse</span> <span class='ocrx_word' id='word_1_100' title='bbox 265 1170 358 1217; x_wconf 87' lang='lat' dir='ltr'>circum</span> <span class='ocrx_word' id='word_1_101' title='bbox 376 1168 471 1216; x_wconf 82' lang='lat' dir='ltr'>saucios</span> <span class='ocrx_word' id='word_1_102' title='bbox 481 1168 569 1216; x_wconf 87' lang='lat' dir='ltr'>milites</span> <span class='ocrx_word' id='word_1_103' title='bbox 585 1167 691 1217; x_wconf 87' lang='lat' dir='ltr'>inserens</span> <span class='ocrx_word' id='word_1_104' title='bbox 708 1169 734 1217; x_wconf 91' lang='lat' dir='ltr'>in</span> <span class='ocrx_word' id='word_1_105' title='bbox 752 1169 864 1218; x_wconf 75' lang='lat' dir='ltr'>tentoria</span> 
     </span>
     <span class='ocr_line' id='line_1_15' title="bbox 113 1245 864 1312; baseline 0.001 -17"><span class='ocrx_word' id='word_1_106' title='bbox 113 1258 195 1312; x_wconf 87' lang='lat' dir='ltr'>caput,</span> <span class='ocrx_word' id='word_1_107' title='bbox 214 1247 325 1308; x_wconf 75' lang='lat' dir='ltr'>singulos,</span> <span class='ocrx_word' id='word_1_108' title='bbox 343 1256 371 1294; x_wconf 90' lang='lat' dir='ltr'>ut</span> <span class='ocrx_word' id='word_1_109' title='bbox 383 1245 431 1294; x_wconf 85' lang='lat' dir='ltr'>sese</span> <span class='ocrx_word' id='word_1_110' title='bbox 443 1246 570 1308; x_wconf 87' lang='lat' dir='ltr'>haberent,</span> <span class='ocrx_word' id='word_1_111' title='bbox 586 1246 702 1310; x_wconf 73' lang='lat' dir='ltr'>rogitant,</span> <span class='ocrx_word' id='word_1_112' title='bbox 720 1258 804 1295; x_wconf 84' lang='lat' dir='ltr'>curam</span> <span class='ocrx_word' id='word_1_113' title='bbox 816 1263 864 1296; x_wconf 60' lang='lat' dir='ltr'>co«</span> 
     </span>
     <span class='ocr_line' id='line_1_16' title="bbox 112 1320 861 1387; baseline -0.001 -15"><span class='ocrx_word' id='word_1_114' title='bbox 112 1337 168 1373; x_wconf 84' lang='lat' dir='ltr'>rum</span> <span class='ocrx_word' id='word_1_115' title='bbox 189 1323 336 1370; x_wconf 87' lang='lat' dir='ltr'>nominatim</span> <span class='ocrx_word' id='word_1_116' title='bbox 356 1322 450 1384; x_wconf 79' lang='lat' dir='ltr'>legatis,</span> <span class='ocrx_word' id='word_1_117' title='bbox 468 1322 627 1386; x_wconf 81' lang='lat' dir='ltr'>tribunisque,</span> <span class='ocrx_word' id='word_1_118' title='bbox 645 1322 670 1373; x_wconf 77' lang='lat'>8&lt;</span> <span class='ocrx_word' id='word_1_119' title='bbox 687 1320 805 1387; x_wconf 77' lang='lat' dir='ltr'>praescdiis</span> <span class='ocrx_word' id='word_1_120' title='bbox 816 1323 861 1371; x_wconf 87' lang='lat' dir='ltr'>de·</span> 
     </span>
     <span class='ocr_line' id='line_1_17' title="bbox 112 1388 862 1464; baseline 0 -17"><span class='ocrx_word' id='word_1_121' title='bbox 112 1397 263 1447; x_wconf 85' lang='lat' dir='ltr'>mandabat:</span> <span class='ocrx_word' id='word_1_122' title='bbox 280 1413 331 1445; x_wconf 88' lang='lat' dir='ltr'>rem</span> <span class='ocrx_word' id='word_1_123' title='bbox 344 1412 388 1461; x_wconf 89' lang='lat' dir='ltr'>per</span> <span class='ocrx_word' id='word_1_124' title='bbox 400 1388 423 1444; x_wconf 80' lang='lat' dir='ltr'>sc</span> <span class='ocrx_word' id='word_1_125' title='bbox 434 1399 578 1464; x_wconf 75' lang='lat' dir='ltr'>popularem</span> <span class='ocrx_word' id='word_1_126' title='bbox 596 1399 630 1447; x_wconf 84' lang='lat' dir='ltr'>ita</span> <span class='ocrx_word' id='word_1_127' title='bbox 647 1397 734 1447; x_wconf 83' lang='lat' dir='ltr'>dexter</span> <span class='ocrx_word' id='word_1_128' title='bbox 744 1398 804 1461; x_wconf 79' lang='lat' dir='ltr'>egit,</span> <span class='ocrx_word' id='word_1_129' title='bbox 823 1409 862 1462; x_wconf 78' lang='lat' dir='ltr'>ut¹</span> 
     </span>
     <span class='ocr_line' id='line_1_18' title="bbox 112 1472 862 1538; baseline 0 -15"><span class='ocrx_word' id='word_1_130' title='bbox 112 1472 236 1523; x_wconf 88' lang='lat' dir='ltr'>medendis</span> <span class='ocrx_word' id='word_1_131' title='bbox 254 1472 407 1538; x_wconf 85' lang='lat' dir='ltr'>corporibus,</span> <span class='ocrx_word' id='word_1_132' title='bbox 425 1473 501 1520; x_wconf 85' lang='lat' dir='ltr'>animi</span> <span class='ocrx_word' id='word_1_133' title='bbox 519 1473 599 1521; x_wconf 89' lang='lat' dir='ltr'>multo</span> <span class='ocrx_word' id='word_1_134' title='bbox 611 1473 679 1538; x_wconf 80' lang='lat' dir='ltr'>priris</span> <span class='ocrx_word' id='word_1_135' title='bbox 693 1473 798 1523; x_wconf 80' lang='lat' dir='ltr'>militum</span> <span class='ocrx_word' id='word_1_136' title='bbox 810 1475 862 1523; x_wconf 59' lang='lat' dir='ltr'>irn«</span> 
     </span>
     <span class='ocr_line' id='line_1_19' title="bbox 113 1547 861 1615; baseline 0.001 -18"><span class='ocrx_word' id='word_1_137' title='bbox 113 1550 220 1615; x_wconf 88' lang='lat' dir='ltr'>peratori</span> <span class='ocrx_word' id='word_1_138' title='bbox 238 1549 468 1608; x_wconf 69' lang='lat' dir='ltr'>reconciliarentur,</span> <span class='ocrx_word' id='word_1_139' title='bbox 485 1564 534 1596; x_wconf 90' lang='lat' dir='ltr'>nec·</span> <span class='ocrx_word' id='word_1_140' title='bbox 542 1550 674 1613; x_wconf 86' lang='lat' dir='ltr'>quicquam</span> <span class='ocrx_word' id='word_1_141' title='bbox 688 1549 719 1602; x_wconf 90' lang='lat' dir='ltr'>ad</span> <span class='ocrx_word' id='word_1_142' title='bbox 730 1547 861 1598; x_wconf 81' lang='lat' dir='ltr'>salubrita-</span> 
     </span>
     <span class='ocr_line' id='line_1_20' title="bbox 113 1623 862 1690; baseline 0.004 -16"><span class='ocrx_word' id='word_1_143' title='bbox 113 1637 164 1675; x_wconf 86' lang='lat' dir='ltr'>tem</span> <span class='ocrx_word' id='word_1_144' title='bbox 176 1625 295 1674; x_wconf 87' lang='lat' dir='ltr'>efficacius</span> <span class='ocrx_word' id='word_1_145' title='bbox 307 1623 389 1686; x_wconf 86' lang='lat' dir='ltr'>suerit,</span> <span class='ocrx_word' id='word_1_146' title='bbox 407 1630 480 1688; x_wconf 66' lang='lat' dir='ltr'>quim</span> <span class='ocrx_word' id='word_1_147' title='bbox 495 1625 561 1690; x_wconf 79' lang='lat' dir='ltr'>quod</span> <span class='ocrx_word' id='word_1_148' title='bbox 572 1639 643 1688; x_wconf 83' lang='lat' dir='ltr'>grato</span> <span class='ocrx_word' id='word_1_149' title='bbox 658 1627 741 1674; x_wconf 76' lang='lat' dir='ltr'>aruino</span> <span class='ocrx_word' id='word_1_150' title='bbox 757 1639 786 1673; x_wconf 79' lang='lat' dir='ltr'>ea</span> <span class='ocrx_word' id='word_1_151' title='bbox 798 1640 862 1677; x_wconf 78' lang='lat' dir='ltr'>cura</span> 
     </span>
     <span class='ocr_line' id='line_1_21' title="bbox 113 1701 864 1768; baseline 0.004 -17"><span class='ocrx_word' id='word_1_152' title='bbox 113 1713 213 1768; x_wconf 85' lang='lat' dir='ltr'>accepta</span> <span class='ocrx_word' id='word_1_153' title='bbox 233 1703 274 1750; x_wconf 87' lang='lat' dir='ltr'>cst.</span> <span class='ocrx_word' id='word_1_154' title='bbox 310 1701 409 1750; x_wconf 79' lang='lat' dir='ltr'>Rcledlo</span> <span class='ocrx_word' id='word_1_155' title='bbox 421 1703 540 1763; x_wconf 82' lang='lat' dir='ltr'>exercitu,</span> <span class='ocrx_word' id='word_1_156' title='bbox 559 1718 614 1751; x_wconf 92' lang='lat' dir='ltr'>cum</span> <span class='ocrx_word' id='word_1_157' title='bbox 632 1702 699 1750; x_wconf 82' lang='lat' dir='ltr'>hoste</span> <span class='ocrx_word' id='word_1_158' title='bbox 719 1702 864 1765; x_wconf 77' lang='lat' dir='ltr'>congressus</span> 
     </span>
     <span class='ocr_line' id='line_1_22' title="bbox 112 1778 861 1846; baseline -0.003 -16"><span class='ocrx_word' id='word_1_159' title='bbox 112 1781 178 1830; x_wconf 86' lang='lat' dir='ltr'>haud</span> <span class='ocrx_word' id='word_1_160' title='bbox 191 1781 264 1829; x_wconf 78' lang='lat' dir='ltr'>dubii</span> <span class='ocrx_word' id='word_1_161' title='bbox 280 1779 320 1846; x_wconf 90' lang='lat' dir='ltr'>spe</span> <span class='ocrx_word' id='word_1_162' title='bbox 341 1779 382 1829; x_wconf 76' lang='lat' dir='ltr'>sui</span> <span class='ocrx_word' id='word_1_163' title='bbox 399 1781 562 1844; x_wconf 87' lang='lat' dir='ltr'>militumque,</span> <span class='ocrx_word' id='word_1_164' title='bbox 580 1781 614 1828; x_wconf 82' lang='lat' dir='ltr'>ita</span> <span class='ocrx_word' id='word_1_165' title='bbox 630 1779 693 1828; x_wconf 83' lang='lat' dir='ltr'>fudit</span> <span class='ocrx_word' id='word_1_166' title='bbox 710 1778 861 1845; x_wconf 80' lang='lat' dir='ltr'>fugavitque</span> 
     </span>
     <span class='ocr_line' id='line_1_23' title="bbox 113 1855 862 1923; baseline -0.003 -16"><span class='ocrx_word' id='word_1_167' title='bbox 113 1858 240 1918; x_wconf 73' lang='lat' dir='ltr'>Samnites,</span> <span class='ocrx_word' id='word_1_168' title='bbox 258 1869 288 1905; x_wconf 87' lang='lat' dir='ltr'>ut</span> <span class='ocrx_word' id='word_1_169' title='bbox 297 1857 337 1906; x_wconf 90' lang='lat' dir='ltr'>illc</span> <span class='ocrx_word' id='word_1_170' title='bbox 348 1858 447 1921; x_wconf 85' lang='lat' dir='ltr'>ultimus</span> <span class='ocrx_word' id='word_1_171' title='bbox 459 1858 493 1910; x_wconf 85' lang='lat' dir='ltr'>eis</span> <span class='ocrx_word' id='word_1_172' title='bbox 509 1857 559 1905; x_wconf 88' lang='lat' dir='ltr'>dics</span> <span class='ocrx_word' id='word_1_173' title='bbox 574 1855 714 1906; x_wconf 89' lang='lat' dir='ltr'>conserendi</span> <span class='ocrx_word' id='word_1_174' title='bbox 726 1855 792 1918; x_wconf 79' lang='lat' dir='ltr'>signa</span> <span class='ocrx_word' id='word_1_175' title='bbox 800 1872 862 1923; x_wconf 78' lang='lat' dir='ltr'>curn</span> 
     </span>
     <span class='ocr_line' id='line_1_24' title="bbox 112 1933 863 2000; baseline 0.003 -16"><span class='ocrx_word' id='word_1_176' title='bbox 112 1936 231 1986; x_wconf 73' lang='lat' dir='ltr'>didiatore</span> <span class='ocrx_word' id='word_1_177' title='bbox 240 1936 323 1986; x_wconf 84' lang='lat' dir='ltr'>fucrit.</span> <span class='ocrx_word' id='word_1_178' title='bbox 342 1935 437 1984; x_wconf 77' lang='lat' dir='ltr'>Incessit</span> <span class='ocrx_word' id='word_1_179' title='bbox 448 1934 543 1997; x_wconf 80' lang='lat' dir='ltr'>deinde,</span> <span class='ocrx_word' id='word_1_180' title='bbox 561 1936 609 1999; x_wconf 71' lang='lat' dir='ltr'>quis</span> <span class='ocrx_word' id='word_1_181' title='bbox 618 1934 690 1983; x_wconf 75' lang='lat' dir='ltr'>duxit</span> <span class='ocrx_word' id='word_1_182' title='bbox 701 1933 787 2000; x_wconf 77' lang='lat' dir='ltr'>praedae</span> <span class='ocrx_word' id='word_1_183' title='bbox 797 1933 863 2000; x_wconf 73' lang='lat' dir='ltr'>spes,</span> 
     </span>
     <span class='ocr_line' id='line_1_25' title="bbox 112 2010 863 2082; baseline -0.004 -20"><span class='ocrx_word' id='word_1_184' title='bbox 112 2012 193 2082; x_wconf 71' lang='lat' dir='ltr'>vidior</span> <span class='ocrx_word' id='word_1_185' title='bbox 204 2014 340 2071; x_wconf 82' lang='lat' dir='ltr'>exercitus;</span> <span class='ocrx_word' id='word_1_186' title='bbox 362 2010 678 2076; x_wconf 81' lang='lat' dir='ltr'>perlustravitqucholiium</span> <span class='ocrx_word' id='word_1_187' title='bbox 693 2024 774 2073; x_wconf 87' lang='lat' dir='ltr'>agros,</span> <span class='ocrx_word' id='word_1_188' title='bbox 792 2012 863 2070; x_wconf 77' lang='lat' dir='ltr'>nulla</span> 
     </span>
    </p>
   </div>
   <div class='ocr_carea' id='block_1_3' title="bbox 28 2086 862 2154">
    <p class='ocr_par' dir='ltr' id='par_1_3' title="bbox 28 2086 862 2154">
     <span class='ocr_line' id='line_1_26' title="bbox 28 2086 862 2154; baseline -0.008 -12"><span class='ocrx_word' id='word_1_189' title='bbox 28 2122 33 2127; x_wconf 92' lang='lat'>-</span> <span class='ocrx_word' id='word_1_190' title='bbox 112 2107 190 2154; x_wconf 83' lang='lat' dir='ltr'>arma,</span> <span class='ocrx_word' id='word_1_191' title='bbox 207 2092 304 2140; x_wconf 85' lang='lat' dir='ltr'>nullam</span> <span class='ocrx_word' id='word_1_192' title='bbox 317 2091 382 2150; x_wconf 78' lang='lat' dir='ltr'>vim,</span> <span class='ocrx_word' id='word_1_193' title='bbox 395 2104 440 2148; x_wconf 78' lang='lat' dir='ltr'>nec</span> <span class='ocrx_word' id='word_1_194' title='bbox 458 2098 575 2153; x_wconf 83' lang='lat' dir='ltr'>apertam,</span> <span class='ocrx_word' id='word_1_195' title='bbox 593 2102 638 2135; x_wconf 88' lang='lat' dir='ltr'>nec</span> <span class='ocrx_word' id='word_1_196' title='bbox 653 2086 751 2149; x_wconf 79' lang='lat' dir='ltr'>insidiis,</span> <span class='ocrx_word' id='word_1_197' title='bbox 769 2103 862 2154; x_wconf 72' lang='lat' dir='ltr'>exper-</span> 
     </span>
    </p>
   </div>
   <div class='ocr_carea' id='block_1_4' title="bbox 68 2161 910 3004">
    <p class='ocr_par' dir='ltr' id='par_1_4' title="bbox 68 2161 910 2839">
     <span class='ocr_line' id='line_1_27' title="bbox 112 2161 910 2228; baseline -0.011 -11"><span class='ocrx_word' id='word_1_198' title='bbox 112 2179 160 2217; x_wconf 83' lang='lat' dir='ltr'>tus.</span> <span class='ocrx_word' id='word_1_199' title='bbox 197 2167 310 2221; x_wconf 82' lang='lat' dir='ltr'>Addebat</span> <span class='ocrx_word' id='word_1_200' title='bbox 326 2165 484 2225; x_wconf 83' lang='lat' dir='ltr'>alacritatem,</span> <span class='ocrx_word' id='word_1_201' title='bbox 501 2162 568 2228; x_wconf 78' lang='lat' dir='ltr'>quod</span> <span class='ocrx_word' id='word_1_202' title='bbox 585 2161 688 2215; x_wconf 74' lang='lat' dir='ltr'>didiator</span> <span class='ocrx_word' id='word_1_203' title='bbox 703 2162 813 2226; x_wconf 86' lang='lat' dir='ltr'>praedam</span> <span class='ocrx_word' id='word_1_204' title='bbox 832 2183 864 2219; x_wconf 58' lang='lat' dir='ltr'>o,</span> <span class='ocrx_word' id='word_1_205' title='bbox 906 2204 910 2208; x_wconf 88' lang='lat'>.</span> 
     </span>
     <span class='ocr_line' id='line_1_28' title="bbox 112 2231 865 2309; baseline -0.017 -14"><span class='ocrx_word' id='word_1_206' title='bbox 112 2255 195 2300; x_wconf 86' lang='lat' dir='ltr'>mncm</span> <span class='ocrx_word' id='word_1_207' title='bbox 208 2243 319 2292; x_wconf 71' lang='lat' dir='ltr'>edixerat</span> <span class='ocrx_word' id='word_1_208' title='bbox 330 2240 448 2288; x_wconf 87' lang='lat' dir='ltr'>militibus</span> <span class='ocrx_word' id='word_1_209' title='bbox 459 2256 465 2287; x_wconf 92' lang='lat'><strong>:</strong></span> <span class='ocrx_word' id='word_1_210' title='bbox 482 2254 528 2286; x_wconf 87' lang='lat' dir='ltr'>ncc</span> <span class='ocrx_word' id='word_1_211' title='bbox 537 2239 572 2287; x_wconf 87' lang='lat' dir='ltr'>ira</span> <span class='ocrx_word' id='word_1_212' title='bbox 581 2237 658 2298; x_wconf 62' lang='lat' dir='ltr'>magis</span> <span class='ocrx_word' id='word_1_213' title='bbox 666 2237 774 2300; x_wconf 84' lang='lat' dir='ltr'>publica,</span> <span class='ocrx_word' id='word_1_214' title='bbox 784 2231 865 2309; x_wconf 42' lang='lat' dir='ltr'>quan,</span> 
     </span>
     <span class='ocr_line' id='line_1_29' title="bbox 113 2313 864 2389; baseline -0.011 -19"><span class='ocrx_word' id='word_1_215' title='bbox 113 2323 237 2389; x_wconf 86' lang='lat' dir='ltr'>privatum</span> <span class='ocrx_word' id='word_1_216' title='bbox 250 2314 433 2381; x_wconf 85' lang='lat' dir='ltr'>compendium,</span> <span class='ocrx_word' id='word_1_217' title='bbox 450 2314 475 2365; x_wconf 89' lang='lat' dir='ltr'>in</span> <span class='ocrx_word' id='word_1_218' title='bbox 488 2313 581 2364; x_wconf 83' lang='lat' dir='ltr'>hostem</span> <span class='ocrx_word' id='word_1_219' title='bbox 599 2313 711 2370; x_wconf 70' lang='lat' dir='ltr'>acucbat.</span> <span class='ocrx_word' id='word_1_220' title='bbox 748 2315 794 2363; x_wconf 89' lang='lat' dir='ltr'>His</span> <span class='ocrx_word' id='word_1_221' title='bbox 808 2321 864 2369; x_wconf 71' lang='lat' dir='ltr'>cla,</span> 
     </span>
     <span class='ocr_line' id='line_1_30' title="bbox 112 2388 864 2458; baseline -0.004 -9"><span class='ocrx_word' id='word_1_222' title='bbox 112 2400 183 2448; x_wconf 90' lang='lat' dir='ltr'>dibus</span> <span class='ocrx_word' id='word_1_223' title='bbox 195 2393 285 2445; x_wconf 64' lang='lat' dir='ltr'>subacti</span> <span class='ocrx_word' id='word_1_224' title='bbox 298 2393 415 2442; x_wconf 87' lang='lat' dir='ltr'>Samnites</span> <span class='ocrx_word' id='word_1_225' title='bbox 427 2407 513 2458; x_wconf 84' lang='lat' dir='ltr'>pacem</span> <span class='ocrx_word' id='word_1_226' title='bbox 524 2397 539 2441; x_wconf 72' lang='lat' dir='ltr'>a</span> <span class='ocrx_word' id='word_1_227' title='bbox 549 2388 667 2440; x_wconf 65' lang='lat' dir='ltr'>dictatore</span> <span class='ocrx_word' id='word_1_228' title='bbox 679 2392 785 2457; x_wconf 84' lang='lat' dir='ltr'>petiere:</span> <span class='ocrx_word' id='word_1_229' title='bbox 799 2414 864 2450; x_wconf 82' lang='lat' dir='ltr'>cum</span> 
     </span>
     <span class='ocr_line' id='line_1_31' title="bbox 113 2461 896 2540; baseline -0.008 -17"><span class='ocrx_word' id='word_1_230' title='bbox 113 2491 164 2540; x_wconf 88' lang='lat' dir='ltr'>quo</span> <span class='ocrx_word' id='word_1_231' title='bbox 176 2472 248 2540; x_wconf 69' lang='lat' dir='ltr'>pacti,</span> <span class='ocrx_word' id='word_1_232' title='bbox 265 2482 294 2520; x_wconf 90' lang='lat' dir='ltr'>ut</span> <span class='ocrx_word' id='word_1_233' title='bbox 305 2469 397 2534; x_wconf 80' lang='lat' dir='ltr'>singula</span> <span class='ocrx_word' id='word_1_234' title='bbox 408 2469 551 2517; x_wconf 87' lang='lat' dir='ltr'>vestimenta</span> <span class='ocrx_word' id='word_1_235' title='bbox 567 2467 692 2531; x_wconf 87' lang='lat' dir='ltr'>militibus,</span> <span class='ocrx_word' id='word_1_236' title='bbox 710 2467 734 2516; x_wconf 72' lang='grc' dir='ltr'>ἃ</span> <span class='ocrx_word' id='word_1_237' title='bbox 746 2461 866 2529; x_wconf 74' lang='lat' dir='ltr'>annuum</span> <span class='ocrx_word' id='word_1_238' title='bbox 889 2508 896 2517; x_wconf 87' lang='lat'><em>.</em></span> 
     </span>
     <span class='ocr_line' id='line_1_32' title="bbox 112 2544 864 2618; baseline -0.009 -16"><span class='ocrx_word' id='word_1_239' title='bbox 112 2549 354 2618; x_wconf 74' lang='lat' dir='ltr'>stipendiumdarcnt</span> <span class='ocrx_word' id='word_1_240' title='bbox 363 2568 371 2608; x_wconf 75' lang='lat'><em>3</em></span> <span class='ocrx_word' id='word_1_241' title='bbox 389 2562 466 2612; x_wconf 90' lang='lat' dir='ltr'>quum</span> <span class='ocrx_word' id='word_1_242' title='bbox 482 2547 516 2596; x_wconf 89' lang='lat' dir='ltr'>ire</span> <span class='ocrx_word' id='word_1_243' title='bbox 532 2545 564 2602; x_wconf 88' lang='lat' dir='ltr'>ad</span> <span class='ocrx_word' id='word_1_244' title='bbox 580 2544 690 2598; x_wconf 86' lang='lat' dir='ltr'>senatum</span> <span class='ocrx_word' id='word_1_245' title='bbox 701 2545 757 2607; x_wconf 83' lang='lat' dir='ltr'>jnffi</span> <span class='ocrx_word' id='word_1_246' title='bbox 775 2547 864 2616; x_wconf 67' lang='lat' dir='ltr'>essent,</span> 
     </span>
     <span class='ocr_line' id='line_1_33' title="bbox 68 2622 863 2691; baseline -0.008 -12"><span class='ocrx_word' id='word_1_247' title='bbox 68 2650 71 2654; x_wconf 52' lang='lat'><strong><em>⁴</em></strong></span> <span class='ocrx_word' id='word_1_248' title='bbox 112 2630 241 2682; x_wconf 84' lang='lat' dir='ltr'>secuturos</span> <span class='ocrx_word' id='word_1_249' title='bbox 257 2628 282 2685; x_wconf 81' lang='lat' dir='ltr'>se</span> <span class='ocrx_word' id='word_1_250' title='bbox 299 2626 442 2678; x_wconf 68' lang='lat' dir='ltr'>didatorem</span> <span class='ocrx_word' id='word_1_251' title='bbox 452 2623 638 2691; x_wconf 84' lang='lat' dir='ltr'>responderunt,</span> <span class='ocrx_word' id='word_1_252' title='bbox 654 2623 726 2672; x_wconf 91' lang='lat' dir='ltr'>unius</span> <span class='ocrx_word' id='word_1_253' title='bbox 737 2622 789 2686; x_wconf 89' lang='lat' dir='ltr'>ejus</span> <span class='ocrx_word' id='word_1_254' title='bbox 801 2626 863 2680; x_wconf 85' lang='lat' dir='ltr'>fidei</span> 
     </span>
     <span class='ocr_line' id='line_1_34' title="bbox 112 2700 863 2772; baseline -0.009 -15"><span class='ocrx_word' id='word_1_255' title='bbox 112 2707 251 2772; x_wconf 81' lang='lat' dir='ltr'>virtutique</span> <span class='ocrx_word' id='word_1_256' title='bbox 270 2703 367 2755; x_wconf 83' lang='lat' dir='ltr'>causam</span> <span class='ocrx_word' id='word_1_257' title='bbox 380 2702 450 2752; x_wconf 86' lang='lat' dir='ltr'>suam</span> <span class='ocrx_word' id='word_1_258' title='bbox 466 2701 672 2758; x_wconf 75' lang='lat' dir='ltr'>commendantes.</span> <span class='ocrx_word' id='word_1_259' title='bbox 690 2701 727 2755; x_wconf 64' lang='lat' dir='ltr'>ita.</span> <span class='ocrx_word' id='word_1_260' title='bbox 741 2700 863 2769; x_wconf 55' lang='lat' dir='ltr'>deductus</span> 
     </span>
     <span class='ocr_line' id='line_1_35' title="bbox 113 2774 450 2839; baseline -0.027 0"><span class='ocrx_word' id='word_1_261' title='bbox 113 2800 146 2839; x_wconf 79' lang='lat' dir='ltr'>ex</span> <span class='ocrx_word' id='word_1_262' title='bbox 159 2774 306 2833; x_wconf 86' lang='lat' dir='ltr'>Samnitibus</span> <span class='ocrx_word' id='word_1_263' title='bbox 318 2783 450 2830; x_wconf 86' lang='lat' dir='ltr'>exercitus.</span> 
     </span>
    </p>

    <p class='ocr_par' dir='ltr' id='par_1_5' title="bbox 113 2855 862 3004">
     <span class='ocr_line' id='line_1_36' title="bbox 114 2855 862 2924; baseline 0 -14"><span class='ocrx_word' id='word_1_264' title='bbox 114 2907 117 2910; x_wconf 14' lang='grc' dir='ltr'><em>Α</em></span> <span class='ocrx_word' id='word_1_265' title='bbox 146 2863 285 2910; x_wconf 79' lang='lat' dir='ltr'>xxxvtr.</span> <span class='ocrx_word' id='word_1_266' title='bbox 303 2858 416 2917; x_wconf 66' lang='lat' dir='ltr'>Distator</span> <span class='ocrx_word' id='word_1_267' title='bbox 436 2857 588 2924; x_wconf 83' lang='lat' dir='ltr'>triumphans</span> <span class='ocrx_word' id='word_1_268' title='bbox 606 2856 697 2908; x_wconf 85' lang='lat' dir='ltr'>urbem·</span> <span class='ocrx_word' id='word_1_269' title='bbox 712 2855 747 2905; x_wconf 84' lang='lat' dir='ltr'>est</span> <span class='ocrx_word' id='word_1_270' title='bbox 764 2858 862 2922; x_wconf 65' lang='lat' dir='ltr'>ingres7</span> 
     </span>
     <span class='ocr_line' id='line_1_37' title="bbox 113 2929 861 3004; baseline -0.008 -12"><span class='ocrx_word' id='word_1_271' title='bbox 113 2939 173 2992; x_wconf 73' lang='lat' dir='ltr'>sust·</span> <span class='ocrx_word' id='word_1_272' title='bbox 184 2938 218 3003; x_wconf 75' lang='lat' dir='ltr'>dc,</span> <span class='ocrx_word' id='word_1_273' title='bbox 236 2950 313 3004; x_wconf 84' lang='lat' dir='ltr'>quum</span> <span class='ocrx_word' id='word_1_274' title='bbox 328 2934 354 2994; x_wconf 78' lang='lat' dir='ltr'>se</span> <span class='ocrx_word' id='word_1_275' title='bbox 371 2929 490 2994; x_wconf 60' lang='lat' dir='ltr'>didatus&amp;</span> <span class='ocrx_word' id='word_1_276' title='bbox 506 2932 621 2989; x_wconf 81' lang='lat' dir='ltr'>abdicare</span> <span class='ocrx_word' id='word_1_277' title='bbox 637 2932 861 3000; x_wconf 63' lang='lat' dir='ltr'>vcllct,juffu1²a‚</span> 
     </span>
    </p>
   </div>
   <div class='ocr_carea' id='block_1_5' title="bbox 780 3021 868 3082">
    <p class='ocr_par' dir='ltr' id='par_1_6' title="bbox 780 3021 868 3082">
     <span class='ocr_line' id='line_1_38' title="bbox 780 3021 868 3082; baseline 0 0"><span class='ocrx_word' id='word_1_278' title='bbox 780 3021 868 3082; x_wconf 57' lang='lat' dir='ltr'>mun,</span> 
     </span>
    </p>
   </div>
   <div class='ocr_carea' id='block_1_6' title="bbox 0 0 990 3660">
    <p class='ocr_par' dir='ltr' id='par_1_7' title="bbox 0 0 990 3660">
     <span class='ocr_line' id='line_1_39' title="bbox 0 0 990 3660; baseline 0 0"><span class='ocrx_word' id='word_1_279' title='bbox 0 0 990 3660; x_wconf 95' lang='lat' dir='ltr'> </span> 
     </span>
    </p>
   </div>
  </div>
 </body>
</html>
