1964 3660
362 217 611 269 LIBERIV.
801 229 851 277 ης

102 306 258 374 pratermiffa
268 307 370 357 nomina
381 308 508 357 consulum
520 309 617 357 horum.
639 304 750 356 Licinius
762 306 850 356 Macer

103 384 189 434 audior
199 385 240 452 est,
257 384 282 434 ἃ
300 386 325 434 in
343 384 433 435 soedcre
446 384 590 448 Ardeatino,
607 385 632 434 ἃ
644 383 670 432 in
689 383 770 431 linteis
782 382 851 432 libris

103 461 135 509 ad
147 465 255 512 Moneta
265 463 376 512 inventa.
410 465 442 511 Et
453 461 522 525 soris,
540 477 616 526 quum
625 470 664 510 tot
679 470 783 511 terrores
795 465 810 510 a
821 458 851 510 fi·

103 539 196 588 ritimis
208 539 320 590 ostentati
334 538 417 601 essent,
436 539 461 588 ἃ
472 539 540 587 (1οωί
552 539 632 588 otium
647 539 705 588 suit.

136 614 212 661 vul.
230 617 304 663 Hunc
321 627 413 662 annum
431 610 482 676 (seu
494 613 606 662 tribunos
617 611 700 674 modu,
719 609 760 659 seu
771 609 852 660 tribu·

102 689 140 737 nis
160 688 270 740 suffectos
289 689 400 741 consules
419 704 517 753 quoque
536 689 633 753 habuit)
651 689 760 753 sequitur
774 702 852 738 annm

102 765 170 815 haud
180 765 262 816 dubiis
272 766 420 828 consulibus,
432 769 470 814 M.
484 767 598 829 Geganio
610 766 739 816 Macerino
750 766 851 828 iterum,

104 846 141 892 T.
162 843 280 906 Qumitio
301 845 444 912 Capitolino
463 843 578 907 quintum
597 841 746 892 consulibus.
780 842 851 892 Idem

101 921 145 970 hic
155 923 350 972 annuscensurae
361 923 461 974 initium
472 920 528 979 suit,
540 921 575 969 rei
587 925 602 968 d
613 912 690 985 parra
703 920 798 982 origine
810 936 852 969 or-

103 1006 148 1045 ta:
166 1011 220 1060 quae
230 996 319 1047 deinde
330 1007 399 1046 tanto
411 997 565 1045 incremento
577 992 647 1044 auda
659 994 700 1055 esi,
712 1003 739 1044 ut
751 1009 849 1043 morum
926 1050 930 1060 Ι

102 1072 285 1141 disciplinaque
303 1079 421 1124 Romana
438 1088 511 1139 penes
529 1087 584 1120 eam
601 1071 720 1134 regimen,
745 1069 850 1137 senatun,

103 1153 265 1218 equitumque
282 1153 407 1214 centuria,
424 1151 519 1203 decoris
536 1148 709 1212 dedecorisque
721 1146 851 1198 discrimen

34 1274 38 1284 ,
104 1228 255 1280 subditione
272 1229 324 1292 ejus
340 1229 500 1291 magistratus,
518 1227 674 1294 publicorum
683 1225 724 1288 jus
736 1227 850 1292 privato-

101 1319 207 1371 rumque
222 1306 343 1368 locomm,
359 1305 488 1369 vestigalia
508 1303 595 1371 populi
606 1304 713 1353 Romani
725 1301 769 1352 sub
786 1315 858 1353 nutu·

99 1393 176 1448 atque
186 1383 293 1453 arbitrio
306 1382 390 1433 essent.
425 1387 513 1432 Ortum
529 1392 611 1432 autern
631 1381 730 1431 initium
750 1381 786 1429 rei
806 1381 848 1446 est,

100 1455 167 1522 quod
178 1458 206 1507 in
215 1459 317 1526 popmo,
333 1458 479 1526 permultos
496 1472 573 1507 annos
585 1454 692 1521 incenso,
710 1471 789 1522 neque
800 1456 849 1507 dis-

100 1533 161 1586 serti
177 1534 261 1585 census
278 1545 383 1602 poterat,
399 1549 478 1600 neque
497 1532 645 1596 consumtus,
662 1548 738 1600 quum
751 1543 789 1582 tot
800 1547 849 1600 po·
907 1568 912 1575 .

98 1609 217 1676 pulcrum
227 1611 290 1660 bella
301 1612 466 1674 imminerent,
483 1625 564 1678 opera
578 1619 630 1660 erat
644 1608 670 1658 id
681 1610 810 1674 negotium
821 1625 849 1660 a·

100 1701 168 1751 gere,
200 1690 300 1739 Mentio
311 1689 377 1738 illata
388 1688 420 1738 ab
432 1687 516 1737 senatu
528 1686 571 1749 est,
585 1686 642 1734 Rem
651 1687 758 1752 operosam
770 1701 794 1736 ac
805 1687 849 1735 mi·

99 1764 159 1816 uim>
170 1763 341 1831 ronsrdmemfiu
357 1765 443 1830 proprio
456 1762 584 1830 magistratu
595 1777 672 1830 egere:
688 1763 722 1811 eui
728 1761 849 1827 liribartrm

98 1840 248 1906 ministerium,
269 1843 404 1907 custodiente·
418 1841 446 1892 dr
462 1839 580 1890 tabidarum
599 1856 663 1904 cura,
680 1840 714 1888 cui
732 1839 850 1891 arbitrium
938 1904 947 1910 .

93 1918 194 1983 sumnia
203 1920 296 1984 censendi
303 1918 455 1986 subjicerem.
486 1918 519 1966 Et
530 1919 621 1980 Patres,
637 1929 777 1981 quanquam
795 1931 850 1968 rem

98 2008 211 2062 parvam,
228 2005 320 2057 tamen,
336 2008 387 2059 quo
398 1993 479 2061 piures
498 1991 597 2058 patricii
608 1990 760 2053 magistratus
772 1991 797 2040 in
808 2005 849 2041 re·

98 2073 198 2137 publica
215 2071 299 2136 essent,
317 2072 365 2122 lati
382 2084 514 2137 accepere:
532 2067 570 2132 id,
583 2067 652 2134 quod
669 2068 762 2133 evenit,
778 2067 848 2119 sutu-

98 2160 154 2197 tum
165 2147 239 2198 credo
251 2150 326 2198 etiam
336 2148 393 2212 rati,
408 2157 437 2198 ut
447 2160 509 2196 mox
520 2159 580 2213 opes
590 2158 685 2207 eorum,
703 2145 745 2209 qui
760 2143 848 2212 praes·

98 2223 160 2288 sent,
177 2227 221 2293 ipsi
233 2228 322 2279 honori
330 2226 372 2291 jus
382 2226 579 2291 majestatemque
590 2222 734 2288 adjicerent.
757 2225 790 2273 Et
801 2223 847 2274 tri-

98 2298 167 2364 buni,
185 2302 220 2364 (id
234 2303 301 2368 quod
312 2314 370 2355 tunc
381 2305 442 2369 erat)
452 2303 528 2368 magis
536 2300 700 2363 necessiriam,
709 2304 782 2366 quarn
791 2301 846 2368 spe·

98 2376 157 2425 ciofi
167 2381 294 2433 ministerii
305 2384 503 2448 procurationem
520 2382 651 2441 intuentes,
667 2393 699 2427 ne
715 2373 748 2429 in'
757 2379 845 2447 parvis

97 2467 197 2516 ‘imque
216 2456 288 2522 rebus
307 2458 463 2511 incommode
481 2455 678 2521 adversarentur,
703 2455 769 2506 haud
787 2454 845 2508 sane

98 2529 247 2580 tetendere(
268 2537 353 2594 Quum
368 2539 383 2582 a
401 2534 550 2600 primoribus
570 2535 679 2584 civitatis
694 2533 786 2599 spretus
797 2533 847 2583 ho·

98 2620 146 2660 nor
157 2603 222 2668 esset,
239 2607 364 2672 Papirium
381 2609 608 2675 Semproniumque,
625 2624 731 2676 quotum
742 2608 772 2657 de
784 2623 847 2656 con·

97 2681 178 2735 sulatu
203 2681 337 2745 dubitatur,
366 2691 395 2735 ut
413 2698 444 2733 eo
462 2685 604 2748 magistratu
623 2701 711 2754 parum
740 2680 847 2734 solidum

97 2758 252 2810 consulatum
260 2759 393 2831 explerent,
411 2757 493 2809 censui
501 2761 596 2823 agendo
605 2763 712 2830 populus
722 2758 846 2824 suffragiis

95 2835 217 2903 praefecit.
254 2833 372 2885 Censores
383 2834 451 2884 abre
462 2835 577 2901 appellati
590 2837 654 2887 sunt.

131 2913 179 2959 ΙΧ.
196 2914 265 2961 Dum
276 2913 327 2961 hoec
337 2915 422 2962 Roma
431 2921 558 2976 geruntur,
574 2913 648 2977 legati
662 2912 694 2962 ab
706 2912 786 2963 Ardea
797 2924 844 2962 ve·

96 2987 177 3055 uiuat,
207 3003 254 3062 pro
274 2988 406 3042 veterrima
424 2987 543 3110 speieute
563 3000 733 3062 renovatoque
752 2986 844 3109 soedetqe

475 3071 493 3120 4
737 3070 809 3111 mcii
830 3081 842 3125 ξ
