1964 3660
356 173 379 224 Ε
396 175 445 224 ΓΒ
463 173 484 224 Ε
501 174 524 225 R
557 174 605 226 VI.
794 178 852 234 369³

99 249 139 314 ati'
146 278 201 315 eam
211 276 263 315 rem
279 277 356 314 unum
367 265 446 331 petit:
467 264 638 330 permissoque,
654 271 684 312 ut
702 273 734 311 ex
745 261 853 326 collegis-

100 352 206 406 optaret,
217 357 291 407 quem
302 342 385 407 veliet,
397 352 482 392 eontra
493 340 561 409 spem
573 343 686 390 omnium
697 341 728 388 L.
741 340 846 388 Furium

97 420 206 484 optavit.
223 420 272 485 qua
288 419 457 470 moderatione
477 420 554 469 animi
571 435 648 485 quum
660 417 759 480 collegae
774 416 844 466 leva·

98 495 139 543 vit
148 495 284 558 infamiam,
296 505 349 546 tum
360 496 404 545 fibi
414 497 520 560 gloriam
531 497 655 560 ingentem
666 494 771 560 peperit.
790 494 845 542 Nec

98 563 147 621 suit
161 588 219 622 cum
231 572 378 623 Tusculanis
394 573 499 622 bellum:
517 588 578 639 pace
595 571 714 623 constanti
725 570 780 620 vim
791 572 845 619 Ro-

99 663 198 698 manam
208 659 346 713 arcuerunt,
358 665 432 714 quarn
442 648 516 697 armis
528 663 578 698 non
589 658 711 714 poterant.
746 649 844 696 Intran-

98 726 165 774 tibus
181 724 241 775 sines
258 727 386 789 Romanis,
403 740 454 776 non
469 724 632 788 demigratum
649 740 682 773 ex
699 723 845 790 propinquis

99 802 272 867 itineris-loeis,
289 820 341 854 non
356 803 434 852 cultus
445 816 561 865 agrorum
578 800 739 851 intermissus:
757 811 844 866 paten-

41 912 43 916 .
99 873 164 929 n'bus
175 883 254 948 portis
261 883 338 944 urbis,
353 881 432 946 togati
441 881 544 929 obviam
553 877 692 944 frequentes
710 879 844 944 imperato-

98 957 166 1007 ribus
176 958 328 1023 processere:
346 967 497 1007 commeatus
509 956 628 1005 exercitui
643 955 747 1003 comiter
761 956 787 1002 in
802 969 857 1024 ,ca--

99 1035 145 1086 stra
156 1052 189 1085 ex
199 1038 260 1087 urbe
272 1038 297 1088 ἃ
311 1048 355 1087 ει.
363 1037 435 1101 agris
445 1035 584 1085 devehitur.
621 1033 745 1096 Camillus,
763 1030 844 1081 castris

100 1122 158 1160 ante
166 1125 248 1177 portas
259 1113 350 1181 politis,
368 1113 483 1162 eademne
494 1110 573 1160 forma
585 1111 660 1177 pacis,
677 1125 730 1175 quae
745 1110 770 1156 in
779 1107 844 1170 agris

55 1193 57 1197 '
99 1189 267 1254 ostentaretur,
284 1193 358 1240 etiam
375 1191 440 1241 intre
456 1191 547 1239 moenia
566 1187 631 1250 ell'et,
652 1186 713 1239 scire
729 1187 854 1253 cupiens3,

98 1264 216 1328 ingressus
226 1267 323 1330 urbem,
338 1267 603 1334 ubipatentesrjanuas,
619 1265 644 1315 ἃ
656 1264 763 1314 tabernis
773 1277 845 1330 aper«

101 1344 132 1392 tis
145 1343 268 1409 proposita
288 1345 371 1394 omnia
385 1345 508 1395 inmedio
526 1344 600 1407 vidit,
617 1342 770 1408 intentosque
788 1342 845 1409 opi.-

97 1417 159 1468 fiees
170 1419 213 1470 suo
229 1435 350 1486 quemque
369 1421 453 1488 operi,
465 1422 490 1470 δι
509 1420 580 1471 ludos
598 1421 724 1469 literarum
741 1419 845 1486 strepere

99 1497 244 1548 discentium
259 1500 376 1564 uocibus,
392 1515 427 1548 ac
441 1498 544 1566 repletas
558 1500 661 1562 semitas,
678 1500 740 1548 inter
755 1499 845 1562 vulgus

99 1574 174 1641 aliud,
191 1578 360 1644 puerorumve&
371 1576 502 1646 mulierum
511 1578 559 1625 huc
570 1587 643 1641 atque
656 1576 713 1626 illue
722 1577 844 1636 euntium,

100 1655 148 1719 qui
164 1671 286 1719 quemque
299 1655 399 1704 suorum
410 1653 498 1713 usuum
509 1653 585 1703 causae
600 1653 707 1702 seruent:
726 1655 786 1702 nihil
804 1654 844 1703 use
930 1647 937 1660 ⁸

100 1744 183 1794 quarn,
200 1744 250 1777 non
268 1729 365 1794 pavidis
380 1728 466 1791 modo,
483 1727 570 1776 sedne
587 1728 732 1777 mitantibns
744 1729 845 1792 quidem

100 1805 189 1866 fimile3
207 1805 421 1870 circumspiciebat
435 1805 527 1868 omnia,
544 1804 668 1869 inquirens
685 1806 770 1868 oculis,
787 1807 844 1856 ubi·
888 1813 893 1821 '

100 1897 158 1931 riam
169 1882 258 1932 bellurn
271 1881 359 1931 suisset.
377 1882 439 1930 adeo
450 1897 495 1930 nec
515 1892 604 1930 amotae
624 1883 659 1930 rei
670 1882 781 1947 usquam,
799 1899 846 1935 nee

101 1959 189 2008 oblatae
200 1958 231 2007 ad
243 1969 338 2025 tempus
344 1958 478 2022 *vestigium
489 1958 630 2023 ullumverat
641 1975 647 2004 :
666 1957 706 2006 sed
716 1961 752 2008 ita
761 1962 847 2010 omnia

101 2034 219 2084 constanti
231 2035 360 2100 tranquilla
370 2050 439 2102 pace,
455 2043 484 2083 ut
501 2033 589 2083 ccvix
600 2033 665 2082 sama
678 2033 735 2082 belli
752 2035 855 2100 perlata.

102 2112 182 2161 videri
194 2111 280 2178 posset.
503 2175 505 2179 ἵ

135 2193 234 2238 XXVI.
242 2189 337 2240 .Vi8tus
344 2191 423 2255 igitur
436 2189 555 2257 patientia
566 2187 680 2250 hostium,
698 2178 807 2237 senatum
819 2203 847 2236 eu

101 2281 173 2317 orum
185 2267 360 2332 vocarijuffit.
394 2269 438 2318 Soli
449 2268 523 2331 adbuc,
540 2268 629 2332 inquit,
648 2266 768 2333 Tusculani,
790 2282 847 2316 uera

100 2362 161 2395 urma
171 2349 274 2414 verasque
284 2348 352 2413 vires,
368 2346 440 2414 quibus
452 2346 478 2396 ab
495 2348 530 2396 ira
540 2349 685 2396 Romanorum
702 2345 774 2408 vestra
785 2355 846 2417 lutat·
934 2337 939 2343 ’

100 2426 186 2488 remini,
202 2427 322 2489 invenistis.
341 2427 370 2475 ite
381 2429 471 2475 Romam
488 2426 517 2474 ud
527 2427 635 2490 senatum.
653 2423 780 2487 estimabant
797 2428 844 2473 Pa.-

100 2509 152 2563 tres‚
169 2502 363 2567 utrium-pluscule
376 2514 448 2567 poeuae,
466 2519 494 2550 au
504 2516 557 2551 nuuc
568 2503 636 2549 venia
649 2502 722 2549 meriti
727 2501 786 2564 fitis.
805 2519 857 2550 uun

97 2579 221 2646 precipiam
234 2579 331 2643 gratiam
340 2578 424 2643 publici
437 2578 538 2642 beuqscii.
556 2579 680 2643 deprecandi
687 2569 845 2644 potestatem&

101 2669 136 2703 mc
147 2653 275 2714 hunerium
289 2653 497 2718 precibuseoeutum
509 2653 687 2718 vestulustuatm,
704 2671 764 2720 quem
781 2655 844 2705 vide,

100 2727 165 2790 bitur,
183 2729 249 2776 dabit.
284 2729 412 2794 Postquam
429 2733 536 2793 ¹Romam
557 2729 693 2778 Tusculani
712 2742 843 2794 venerunt,

100 2805 245 2869 senatusque
264 2807 339 2872 paulo
357 2811 413 2855 anti
433 2806 543 2859 fidelium
562 2806 684 2857 sociorum
704 2809 806 2864 moeslus,
818 2810 844 2859 in

101 2884 223 2934 ¹vestibulo
238 2886 310 2934 cutiae
325 2884 358 2932 est
374 2883 528 2950 conspcsius,
540 2886 604 2933 moti
616 2886 742 2951 extemplo
754 2889 844 2951 Patres,

101 2961 190 3013 vocati
198 2974 244 3012 ¹eos
251 2961 303 3027 jam
314 2971 367 3015 tum
374 2962 528 3096 ΙΙιοῑρίῐςειέἰιιτ
538 2965 626 3030 magis,
634 2969 708 3030 quam
719 2965 845 3077 hosliplsitm

492 3046 515 3088 ς,
745 3045 775 3092 Ju
792 3040 856 3078 ere.-
