1964 3660
137 212 171 260 24
396 199 430 246 τ.
466 198 619 248 Livii

136 287 184 336 sitis
199 297 356 335 externorum
376 287 539 352 periculorum
559 289 630 350 curis,
648 304 679 336 ne
696 287 881 342 luxuriarentur

135 360 281 426 otio'animq
300 380 360 427 quos
372 373 450 410 metus
467 363 571 412 hostium
583 364 758 430 disciplinaque
770 366 881 416 militaris

135 440 290 489 continuerat
296 459 302 499 ;
321 440 432 488 omnium
444 439 560 504 primum,
579 455 631 488 rem
647 442 677 490 ad
697 442 880 493 multitudinem
947 437 951 444 ’

134 515 283 582 imperitam,
301 517 326 565 dt
340 517 385 564 illis
398 515 481 565 seculis
492 517 586 580 rudem,
604 517 794 582 efficacissimam,
812 523 880 569 Deo·

134 608 190 643 rum
201 604 294 642 metum
306 594 464 657 injiciendum
476 606 542 642 ratus
559 595 600 642 est.
636 595 678 661 qui
695 611 771 659 quum
782 595 879 645 descen-

133 670 190 719 dere
201 671 231 719 ad
240 673 334 720 animos
344 670 391 720 srne
402 671 485 735 aliquo
494 681 634 721 commento
643 671 753 719 miraculi
762 687 811 719 non
824 671 879 737 pos·
922 672 924 679 '

132 746 180 808 set,
194 745 289 795 simulat
300 746 344 795 sibi
356 762 412 795 cum
423 750 476 796 Dea
489 748 576 811 Egeria
596 746 732 809 congressus
748 745 881 797 nosiurnos

133 821 193 872 esse:
218 823 269 886 ejus
286 823 309 871 se
321 824 425 886 monitu,
444 839 498 889 quae
508 823 669 890 acceptissima
681 821 734 870 Diis
743 820 824 885 essent,
843 824 879 872 sa-

132 910 174 947 cra
185 899 320 962 instituerc3
345 899 478 949 sacerdotes
498 899 553 948 suos
568 900 655 964 cuique
669 901 780 947 Deorum
799 898 878 964 praesi·

132 978 197 1026 e'ere.
233 983 316 1043 Atque
327 980 439 1027 omnium
451 979 566 1044 primum,
578 977 609 1026 ad
618 975 714 1025 cursum
720 975 791 1039 lunae,
800 976 828 1024 in
837 976 880 1025 du.

132 1046 230 1104 ollecim
248 1055 341 1104 menses
357 1055 469 1104 describit
478 1068 578 1102 annum.
608 1069 681 1118 quem
693 1053 760 1118 (quia
774 1054 880 1104 tricenos

131 1131 182 1178 dies
196 1132 293 1193 singulis
304 1131 422 1178 mensibus
434 1131 491 1179 luna
511 1144 560 1176 non
574 1128 665 1194 explet,
682 1128 816 1192 desuntque
828 1130 879 1178 dies

104 1236 106 1241 ·
131 1206 210 1255 solido
222 1222 294 1266 anno,
306 1207 348 1268 qui
360 1204 474 1251 solstitiali
487 1204 659 1266 circumagitur
670 1204 739 1266 orbe)
751 1203 876 1253 intercala-

72 1312 75 1316 >
130 1280 201 1330 ribus·
212 1278 331 1328 mensibus
343 1278 533 1345 interponendis,
551 1279 585 1326 ita
597 1277 753 1344 dispensavit,
766 1289 794 1326 ut
805 1294 876 1342 quar·
933 1341 936 1346 ,

79 1381 83 1387 ·
131 1348 159 1404 to
170 1353 195 1404 &
208 1352 326 1415 vigesimo
338 1367 403 1400 anno
417 1352 447 1401 ad
459 1361 551 1400 metam
564 1352 666 1400 eandem
676 1352 739 1416 solis,
754 1353 818 1400 unde
829 1353 876 1402 orsi

131 1424 212 1492 essent,
231 1429 307 1494 plenis
319 1442 440 1475 annorum
457 1428 569 1475 omnium
586 1427 675 1494 spatiis,
693 1426 743 1476 dies
757 1441 876 1491 congrue·

130 1515 192 1558 rent.
223 1503 292 1553 Idem
303 1503 405 1553 nefastos
417 1503 467 1553 dies
478 1503 597 1570 fastosque
608 1503 680 1553 fecit:
698 1504 756 1570 quia
767 1504 876 1571 aliquan-

129 1585 163 1634 do
173 1583 235 1632 nihil
247 1599 303 1631 cuin
315 1583 408 1650 populo
425 1584 465 1647 agi
476 1583 535 1632 utile
547 1583 658 1632 futurum
669 1579 729 1631 erat.

161 1664 221 1710 XX.
240 1664 309 1710 Tum
328 1659 493 1710 sacerdotibus
512 1661 620 1710 creandis
642 1660 752 1711 animum
771 1660 871 1736 adjecit,

129 1752 269 1802 quanquam
281 1736 330 1802 ipsc
342 1737 446 1802 plurima
457 1736 523 1786 sacra
543 1737 629 1786 obibat
636 1755 643 1798 ;
661 1753 689 1784 ea
700 1737 808 1784 maxime
820 1753 874 1801 quae

61 1816 65 1823 ’
120 1820 193 1868 nunc
205 1815 235 1864 ad
247 1815 344 1863 Dialem
355 1816 479 1863 flaminem
489 1817 620 1882 pertinent.
664 1814 716 1878 Sed,
726 1814 784 1879 quia
799 1813 823 1861 in
839 1816 873 1863 ci·
885 1847 889 1852 -

128 1893 206 1943 vitate
216 1891 331 1942 bellicosa
340 1893 419 1961 plures
429 1893 537 1957 Romuli,
549 1899 623 1960 quain
632 1894 727 1955 Numae,
739 1890 824 1940 similes
835 1905 874 1939 re-

126 1977 169 2036 ges
180 1968 282 2038 putabat
290 1969 351 2031 fore,
368 1970 492 2036 iturosque
503 1969 567 2038 ipsos
578 1970 609 2019 ad
620 1970 696 2029 bella;
714 1984 744 2017 ne
758 1967 824 2016 sacra
834 1983 872 2017 re·

126 2044 173 2113 gia
185 2049 247 2098 vicis
255 2046 427 2112 desererentur,
436 2050 560 2097 flaminem
568 2049 629 2112 Jovi
638 2047 755 2096 assiduum
763 2043 873 2095 sacerdo·

126 2126 178 2175 tem
190 2125 290 2190 creavit,
314 2123 447 2187 insignique
459 2139 516 2172 eum
527 2123 592 2172 veste
609 2124 634 2171 δι
651 2121 729 2170 curuli
740 2120 872 2184 regiaselli

125 2187 278 2267 adornavit.'
289 2199 346 2246 huic
363 2199 424 2247 duos
441 2200 549 2246 flamines
564 2197 666 2259 adjecit:
690 2197 766 2244 Marti
785 2210 871 2257 unum,

124 2271 229 2328 alterum
240 2275 354 2338 Quirino.
389 2273 551 2340 virginesque
568 2273 645 2324 Vesta
655 2273 723 2336 legit,
742 2272 806 2320 Alba
822 2274 871 2321 ori-

126 2344 222 2403 undum'
232 2350 402 2412 sacerdotium,
419 2350 444 2399 δε
457 2351 522 2414 genti
535 2348 669 2398 conditoris
680 2347 744 2397 haud
756 2348 873 2399 alienum.

124 2430 172 2494 liis,
183 2442 212 2480 ut
223 2428 316 2479 assiduae
326 2427 411 2492 templi
422 2427 536 2476 antistites
545 2425 626 2489 essent,
638 2424 782 2492 stipendium
791 2425 820 2474 de
828 2442 873 2492 pu-

125 2503 193 2553 blico
207 2501 301 2552 statuit:
320 2501 462 2564 virginitate
473 2499 574 2566 aliisque
588 2499 731 2548 ceremoniis
742 2494 870 2550 venerabi-

125 2579 160 2628 les
171 2593 199 2626 ac
211 2575 300 2645 sanitas
312 2574 378 2625 fecit.
400 2576 474 2625 Salios
485 2576 544 2624 item
555 2573 685 2624 duodecim
696 2574 772 2622 Marti
782 2574 871 2624 Gradi·

124 2662 161 2707 v'o
172 2654 238 2718 legit,
245 2642 380 2719 tunic'aeque
389 2652 458 2721 pislae
467 2653 557 2718 insigne
566 2651 639 2717 dedit,
651 2652 676 2701 ἃ
684 2651 757 2718 super
763 2652 872 2703 tunicam

122 2728 219 2803 oepeum
227 2731 319 2807 pellori
329 2741 457 2801 tegumen:
476 2731 625 2796 coelestiaque
633 2744 709 2792 arma,
719 2744 772 2794 quae
783 2729 872 2779 ancilia

123 2812 282 2898 appellantur,
302 2810 378 2872 serre;
395 2828 423 2861 ac
439 2828 483 2880 per
493 2811 579 2861 urbem
590 2811 625 2859 ire
640 2819 751 2860 canentes
763 2807 871 2855 carmina

125 2905 183 2939 eum
194 2889 304 2957 tripudiis
314 2888 453 2956 solennique
462 2887 547 2941 saltatu
563 2880 635 2951 jussit.
671 2882 816 2935 Pontificem
826 2881 869 2930 de-

123 2965 183 3024 iude
193 2967 301 3022 Nutriant
308 2965 440 3036 Marcium,
457 2959 880 3101 Marcifiliuinssxs’atribiuglepgtg·
