1964 3660
431 44 459 132 ‘y

315 236 338 288 r.
355 237 369 288 1
384 238 406 288 Β
420 236 442 288 Ε
458 235 481 288 R
515 233 551 288 ir.
773 247 811 297 rr

60 322 197 392 &petundi
209 324 393 389 ‘regui'consrlia
412 325 510 374 struere.
539 314 573 386 dr,
591 324 709 388 tanquam
725 320 756 371 ad
772 321 807 384 id,

63 402 132 468 quod
149 402 191 466 agi
203 400 345 464 ¹videbatur,
361 401 497 450 ambientes
513 399 635 451 nobilium
651 395 810 447 adolescenti·

63 492 109 530 um
119 479 215 528 animos
226 487 374 545 pertentant.
397 477 508 542 aquibus
518 475 611 543 placide
619 475 700 525 oratio
711 482 814 540 accepta

65 555 107 617 est,
118 555 156 605 his
167 555 251 605 literas'
259 555 291 604 ab
300 553 445 618 Tarquiniis
456 552 574 612 reddunt;
592 552 616 601 ἃ
625 552 655 602 de
665 551 815 618 accipiendis

12 679 21 691 ,
64 633 129 682 elam
146 629 219 683 nodie
230 631 255 679 in
266 631 356 681 urbem
372 629 471 692 regibus
487 629 670 694 colloquuntur.

98 711 146 758 IV.
163 705 441 772 VitelliisAquilliisque
460 703 574 756 iratribus
591 706 671 771 primo
687 700 814 754 commissa

66 801 104 838 ree
115 772 171 835 esis
190 785 351 837 Vitelliorum
369 783 439 834 soror
456 782 549 832 consuli
565 784 642 849 nupta
653 784 730 831 Bruto
744 792 813 833 erate

65 862 166 927 jamque
176 875 209 911 ex
220 860 375 912 comatrimo
394 859 400 870 ’
430 857 596 908 adolescentes
603 865 672 905 erant
679 856 759 920 liberi,
767 856 813 906 Ti·

67 949 107 989 tus
114 935 284 1002 Tiberiusque.
294 951 337 986 eor
343 874 443 1000 qsffiuc
451 934 477 983 in
483 933 625 983 societatem
634 930 725 982 confilii
734 946 814 982 avun-

68 1013 117 1064 culi
129 1013 258 1063 assumunt.
279 1021 397 1078 praterea
406 1011 431 1061 de
441 1010 536 1080 nobiles
547 1009 641 1075 aliquot
650 1007 815 1058 adolescentes

69 1088 161 1139 conscii
174 1088 295 1156 assumpti,
307 1101 413 1153 quorum
424 1088 544 1138 vetustate
554 1085 675 1136 memoria
685 1084 754 1135 abiit.
773 1087 817 1134 In·

69 1166 141 1215 terim
159 1181 236 1231 quum
248 1167 274 1215 in
285 1164 369 1215 senatu
381 1161 475 1214 viciil'et
492 1164 619 1226 sententia,
637 1178 691 1227 quae
702 1161 817 1217 censebat

68 1241 159 1293 redden
235 1258 283 1304 na;
300 1257 403 1307 eamque
420 1240 498 1308 ipsam
509 1241 607 1292 causam
618 1255 695 1290 morae
714 1240 739 1288 in
750 1240 815 1291 urbe

68 1242 276 1448 bubasti,
293 1320 358 1386 quod
369 1319 473 1386 spatium
484 1317 515 1368 ad
524 1318 639 1368 vehicula
650 1317 818 1384 comparanda

69 1397 157 1447 acons
234 1443 238 1448 .
250 1397 397 1466 enupsissent,
410 1396 497 1461 quibus
506 1411 591 1461 regum
599 1396 752 1462 asportarent
762 1407 817 1454 rear

70 1485 144 1520 omne
154 1470 180 1521 ld
191 1480 287 1539 tempus
298 1485 354 1520 cum
363 1469 496 1532 conjuratis
506 1469 667 1521 consiliando
674 1469 817 1532 absumunt,

68 1546 235 1613 evincuntque
243 1546 363 1611 instando,
379 1556 408 1594 ut
418 1545 494 1596 litera:
507 1546 551 1596 srbi
565 1544 596 1596 ad
608 1547 760 1611 Tarquinios
771 1545 816 1596 da-

69 1633 167 1684 rentur;
184 1638 241 1673 nam
252 1624 322 1673 aliter
333 1625 375 1690 qul
385 1623 519 1673 credituros
531 1637 582 1685 eos,
598 1638 650 1674 non
660 1639 726 1675 vana
735 1623 768 1673 ab
779 1624 816 1674 le-

69 1700 131 1762 gatis
142 1699 213 1766 super
224 1701 296 1750 rebus
309 1702 382 1750 tantis
392 1699 489 1751 afferri?
507 1705 578 1751 Datae
589 1700 673 1764 litcrae,
689 1711 717 1751 ut
729 1703 819 1769 pignus

70 1775 128 1826 fidei
138 1776 221 1839 essent,
232 1778 386 1829 manifestum
394 1777 488 1828 facinus
499 1778 619 1828 fecerunt.
654 1782 720 1828 Nam
731 1796 819 1847 quum,

70 1851 148 1920 pridie
163 1859 235 1919 quarn
251 1855 326 1918 legati
343 1853 374 1903 ad
386 1854 538 1918 Tarquinios
555 1853 773 1921 proficiscerentur,
791 1857 820 1911 ec

69 1939 190 1980 coenatum
210 1929 273 1979 sorte
287 1930 353 1997 apud
374 1931 486 1979 Vitellios
503 1930 569 1993 esset,
587 1931 757 1997 coniuratique
773 1932 821 1995 ibi,

70 2007 169 2056 remotis
180 2006 286 2069 arbitris,
303 2005 382 2054 multa
392 2006 456 2054 inter
475 2004 498 2056 se
509 2006 540 2056 de
551 2022 630 2070 novo,
647 2017 674 2057 ut
685 2007 721 2072 fit,
740 2009 820 2059 const·

71 2081 106 2135 lio
116 2082 231 2146 egissent3
248 2082 386 2133 sermonem
398 2097 484 2132 eorum
495 2098 528 2133 cx
540 2083 621 2133 -scrvis
632 2099 695 2136 unus
711 2085 823 2153 excepit,

40 2165 45 2173 ”
71 2159 115 2224 qui
124 2158 256 2222 jamantea
266 2159 291 2209 id
304 2159 408 2209 senserat
419 2161 476 2224 agi:
493 2160 535 2211 scd
546 2164 601 2210 earu
612 2163 773 2228 occasionem,
789 2175 822 2216 ut

71 2235 148 2284 litera
156 2235 241 2298 legatia
252 2235 376 2300 darentur,
394 2251 448 2301 quae
460 2235 616 2304 deprehensa
626 2255 677 2290 rem
686 2255 820 2306 coarguere

72 2311 176 2380 pollent,
191 2312 357 2387 exspeslabat.
391 2313 519 2380 postquam
536 2316 605 2367 datae
623 2316 700 2382 sentit,
717 2335 770 2370 rem
786 2320 820 2374 ad

72 2387 183 2439 consuler
199 2387 294 2440 dcurlit.
330 2389 454 2454 Consules,
471 2393 503 2443 ad
518 2387 734 2461 deprehendendos
750 2397 819 2463 lega·
841 2448 844 2461 ¹,

73 2470 112 2514 tor
129 2464 317 2532 conjuratosque
328 2466 430 2533 profecti
441 2467 527 2535 domo,
543 2471 593 2520 tine
604 2464 711 2523 tumultu
724 2489 777 2522 rem
788 2489 819 2524 o·

71 2555 155 2591 runem
166 2541 314 2608 oppreilete:
333 2544 457 2595 literarum
473 2547 500 2596 in
510 2548 595 2613 primis
606 2549 690 2598 habita
702 2565 768 2613 eura,
785 2566 823 2601 ne

74 2617 254 2669 interciderent
272 2619 439 2686 proditoribus
449 2625 594 2691 extemplo
588 2641 613 2674 ιιι
625 2627 725 2675 vincula
736 2627 821 2690 conje-

73 2691 125 2756 slis,
133 2691 164 2743 de
172 2693 257 2758 legatie
266 2697 400 2762 paullulum
407 2698 578 2752 addubitatum
587 2703 633 2751 est
646 2704 823 2789 &quanquam

73 2767 120 2817 vili
134 2768 350 2843 suorum,
366 2775 579 2830 uthostiunaloco
590 2778 697 2843 essenrs
688 2790 821 2844 justamen

75 2846 187 2909 gentium
197 2847 286 2898 valuit.
409 2857 412 2863 ·

110 2924 143 2970 V.
160 2924 199 2976 De
213 2922 285 2975 bonis
298 2925 379 2990 regiis,
396 2942 450 2994 qure
466 2929 535 2981 reddi
549 2935 605 2982 ante
616 2895 766 2999 censuerant,
783 2951 823 2992 rer

73 2993 170 3103 mm
178 2996 284 3059 rentur
297 3001 329 3058 nd
339 3005 431 3068 l'atrer
424 3006 496 3143 1>illi
507 3007 585 3065 villi
577 3009 615 3065 rra
627 3022 728 3067 vetuere
740 3013 821 3083 reddi

745 3103 820 3146 veru
