1964 3660
147 292 150 298 ,
355 232 378 285 1.
395 234 408 284 1
425 235 444 284 B
462 232 483 284 E
500 237 524 287 R
556 233 605 286 1v.
773 249 778 259 ¹
808 249 858 299 a„

111 320 187 391 quiin
192 321 252 387 iaris
263 322 344 389 imponi
357 340 397 373 nen
406 323 479 390 pnfflt.
514 324 579 373 Alios
590 321 726 390 magistratus
736 339 814 374 annuas
825 327 858 391 es·

75 396 82 405 ”
108 402 144 463 se,
160 399 328 465 quinquennalem
343 401 471 467 censuram:
483 415 558 466 graue
573 401 619 467 effe,
637 400 710 464 iisdem
717 411 759 465 pen
775 409 807 449 tat
816 416 857 450 an·

111 490 152 525 nus
163 477 241 541 magni
255 485 319 542 parte
330 477 381 524 uite
390 475 485 524 ebnoxios
496 477 583 524 viuere.
600 478 626 540 se
636 476 704 542 legem
714 477 816 540 laturum,
831 482 859 530 ἀ

111 549 170 615 plau,
186 552 251 615 qua'm
261 566 363 600 annuaac
373 551 490 616 semestris,
507 553 591 616 censura
607 550 664 617 effer.
684 551 808 602 consensu
819 553 858 602 in·

113 625 182 689 genti
193 625 280 691 popuii
290 625 369 690 legem
380 625 477 693 postero
487 625 527 674 die
541 627 649 691 pertulit.
674 629 715 689 Et,
731 637 755 677 ut
765 644 790 677 re
800 627 858 694 ipsu,

113 700 204 764 inquit,
215 702 290 767 sciuris
298 703 405 768 Quirites,
415 703 480 767 qua‘m
491 702 543 750 mihi
553 703 652 751 diuturna
662 719 701 752 nan
706 704 804 768 placeant
814 706 858 754 im·

110 777 184 842 pena,
201 775 435 847 diiiaturdmeabdicu.
452 774 571 841 Deposito
584 775 626 824 suo
638 778 787 841 magistratu,
801 795 857 830 mo·

114 849 149 898 do
157 850 261 900 aliorum
272 851 422 916 magistratui
436 849 560 916 imposito,
577 850 626 898 fine
638 852 716 914 alteri,
733 868 789 901 cum
801 869 857 918 gra·

112 925 235 976 iulatione
246 942 275 977 ac
286 927 374 979 favore
382 927 477 992 ingenti
485 927 571 992 populi
579 926 681 976 domum
692 927 724 976 eii
735 929 858 980 reduiiue.

116 1002 235 1053 censores
260 1008 322 1069 agri
338 1005 404 1072 palii,
422 1007 585 1067 Mamercum,
606 1004 672 1069 quod
690 1005 857 1067 magistratum

111 1078 202 1145 populi
213 1081 320 1130 Romani
339 1079 470 1142 minuisset,
487 1079 554 1128 tribu
564 1090 707 1143 moverunt,
723 1079 856 1147 ouuplicc-

115 1165 191 1220 toque
203 1148 276 1206 censu
291 1157 402 1208 aerantun
421 1157 541 1207 secertmt.
568 1172 641 1222 quam
658 1171 710 1206 rem
727 1157 807 1224 ipsum
818 1160 857 1210 in·

114 1234 183 1296 genti
192 1233 278 1283 animo
297 1233 375 1284 tuliffe
393 1231 483 1298 ierunt,
501 1232 598 1284 causam
615 1233 697 1301 potius
714 1234 858 1295 ignominia

109 1306 260 1372 intuentem,
269 1310 524 1376 quam'ignominiam
535 1311 655 1377 primores
664 1312 771 1375 Parrum,
779 1327 858 1378 quan·

113 1398 189 1449 quam
201 1384 356 1438 deminutum
370 1387 474 1438 censura
488 1387 528 1451 jus
547 1386 685 1451 noluiiient,
703 1389 819 1457 exemplo
829 1407 858 1440 a·

114 1460 239 1512 cerbitatis
255 1462 369 1514 censoria
381 1462 502 1514 offensor:
520 1465 612 1530 quippe
631 1479 707 1529 quum
718 1463 742 1514 se
754 1464 857 1532 quisque

114 1535 207 1589 diutius
217 1555 247 1588 ac
264 1538 349 1608 sapius
368 1540 501 1604 subjecium
516 1539 656 1590 censoribus
672 1540 727 1591 sore
738 1552 856 1608 cernerer,

115 1620 189 1680 quam
200 1616 326 1669 censuram
338 1619 469 1683 gesturum.
487 1617 575 1683 Populi
587 1622 651 1667 certe
662 1627 729 1667 tanta
742 1620 856 1684 indigna·

114 1693 151 1743 tio
163 1695 358 1761 contradicitur,
374 1707 403 1745 ut
419 1696 457 1745 vir
468 1692 630 1744 acensoribur
647 1696 736 1744 nullius
750 1695 857 1748 aniloni-

112 1781 174 1834 cnte,
190 1786 351 1841 praeterquam
364 1773 435 1842 ipfiur
446 1771 577 1833 Mamerci,
593 1771 709 1821 deterreri
721 1773 839 1838 quiverit.

148 1854 234 1900 XXV.
253 1852 362 1903 Tribuni
381 1849 467 1918 plebis,
484 1847 579 1898 aiiiduir
596 1848 756 1898 concionibus
770 1850 856 1915 prohi-

28 1933 31 1938 '
108 1926 341 1981 bendoeonsulania
352 1927 462 1988 comitia,
479 1939 554 1989 quum
571 1938 608 1973 ror
619 1928 695 1990 prope
708 1923 739 1974 ad
754 1926 858 1975 interre-

110 2004 315 2073 rgnumperduiia
326 2004 393 2066 ellet,
409 2003 506 2053 evicere
517 1999 624 2065 tandem,
642 2011 669 2049 ut
683 2000 775 2050 tribuni
790 2001 857 2053 mili·

111 2094 168 2134 curn
185 2080 306 2135 consulari
322 2081 441 2151 potestate
457 2089 612 2130 crearentur:
631 2077 740 2130 viiioriae
760 2079 856 2146 prami-

114 2173 166 2224 um,
182 2161 249 2227 quod
256 2161 394 2229 petebatur,
411 2169 440 2209 ut
447 2157 559 2226 plebeius
568 2167 697 2221 crearetur,
713 2155 808 2214 nullum
817 2155 858 2208 fu·

114 2235 144 2284 it.
170 2238 363 2306 umnerpatricii
374 2234 453 2287 creati
466 2233 530 2299 sunt,
547 2233 586 2282 M.
604 2231 693 2282 Fabius
711 2231 858 2298 vibulanus,

114 2317 156 2364 M.
168 2316 268 2381 Fossim,
286 2319 318 2368 L.
336 2317 432 2382 sergius
448 2312 560 2364 Fidenas.
595 2311 731 2362 Pestilentia
741 2327 773 2363 eo
789 2327 857 2365 anno

110 2393 217 2443 aliarum
225 2397 395 2447 remmonum
408 2392 522 2461 prebuit.
542 2390 600 2443 adis
609 2391 719 2459 Apollini
730 2407 776 2458 pro
787 2391 856 2442 vale·

116 2468 201 2519 tudine
213 2472 298 2536 populi
307 2483 368 2523 vota
377 2473 418 2522 eii
438 2473 521 2521 multa
531 2470 657 2521 duumviri
671 2484 704 2520 ex
714 2469 791 2532 libris,
803 2469 855 2535 pla·

115 2547 199 2598 canda
211 2547 293 2598 Deum
312 2549 362 2613 ira,
378 2545 565 2611 auertendaeque
580 2552 596 2595 a
607 2547 705 2614 populo
716 2545 786 2612 peliis
797 2559 856 2595 eau-

107 2617 150 2688 ri,
168 2625 261 2674 fecere:
279 2641 369 2690 magna
379 2623 548 2674 tamencladee
558 2624 654 2675 inurbe
661 2621 781 2688 agrisque,
799 2636 857 2687 pro·

116 2703 208 2756 misene
220 2703 349 2752 hominum
365 2715 531 2769 pecorumque
549 2702 665 2768 pernicie,
682 2708 791 2765 accepta.
818 2697 858 2747 ia·

67 2776 71 2783 ’
115 2796 184 2832 mem
200 2779 335 2831 cultoribus
343 2793 458 2844 agrorum
469 2778 581 2829 timenter
597 2779 623 2828 in
634 2776 766 2836 Etruriam,
781 2775 856 2825 Pom·

118 2860 264 2927 ptinumque
285 2872 372 2923 agrum
392 2855 419 2906 ἃ
440 2858 537 2920 Cumas,
560 2854 682 2922 postremo
705 2853 730 2900 in
750 2848 856 2905 siciliam

117 2952 217 3005 quoque
228 2938 344 2988 frumenti
361 2934 433 2987 cauri
446 2932 540 2984 misere.
576 2930 747 2983 consularium
757 2927 856 2979 comiti-
953 2966 956 2973 .

109 3029 190 3072 cnm
199 3014 267 3072 mula
275 3013 371 3074 nenne
382 3010 469 3071 urbita
477 3009 521 3074 est.
555 3007 665 3070 Tribuni
679 3005 859 3140 militumffi
