1964 3660
95 184 97 189 .
300 188 306 197 ⁸
370 129 537 184 truta
568 129 618 184 tv.
821 143 870 195 aaz

122 219 155 273 tit
164 218 268 293 aeeqpti,
276 218 344 287 qudd
351 222 412 271 nihil
423 223 507 287 gratia
515 222 659 288 cujusquam
671 216 789 269 dederant
795 235 805 280 ς
822 233 871 269 ve-

123 298 246 362 xatione't,
262 298 294 348 ad
304 298 426 366 populum
434 299 487 362 jam
497 298 538 349 die
551 299 615 348 dieta
625 297 658 348 ab
670 296 782 359 tribunis,
799 293 871 347 colo-

124 372 152 423 ni
163 373 278 443 adscripti
290 377 440 429 remanendo
456 375 600 440 incolome,
617 390 693 441 quam
711 373 795 425 teiietn
805 370 873 438 intus

123 453 220 516 gritatia
228 453 374 521 justitiaque
386 454 518 518 habebant,
534 454 658 504 vitavere.

158 533 219 580 XII.
237 532 290 581 Pax
301 530 369 581 domi
388 530 496 599 forisque
512 528 561 580 fuit
580 528 605 580 a
623 530 672 579 hoe
687 529 712 580 dc
732 523 870 593 insequenti
890 531 895 538 '

85 667 87 673 y
123 619 198 671 enno,
218 610 247 656 c.
265 609 341 660 Furio
359 608 442 659 Pacilo
460 608 542 658 &ne
556 606 656 674 Papirio
669 603 752 656 Crasso
763 600 871 656 consuli·

124 682 179 734 bus.
213 683 288 749 Ludi,
314 687 346 736 ab
365 685 512 736 decemviris
530 699 576 751 pet·
590 682 744 745 secessionem
760 680 872 750 plebitd

123 760 236 810 Patribus
253 777 285 813 cx
302 761 511 813 senatusconsulto
530 762 594 825 voti,
612 774 645 811 eo
656 776 723 812 anno
734 757 792 810 fatti
802 758 872 811 sunt·

126 835 204 887 Causa
215 837 364 890 seditionum
375 840 539 906 nequicquam
550 843 565 887 a
579 837 681 887 Poetclio
691 835 798 903 quesita.
816 833 870 902 qui,

125 915 239 966 tribunat
251 916 329 984 plebia
339 918 429 967 iterum
438 933 467 966 ca
481 915 534 984 ipsa
542 913 713 965 denunciando
723 912 809 977 fastus,
824 926 871 963 ne·

123 1007 179 1058 que,
197 1003 225 1042 ut
237 993 272 1044 de
283 993 348 1058 agria
359 992 497 1044 dividendis
510 993 577 1060 plebi
588 991 706 1042 referrent
717 989 826 1040 considet
836 987 872 1040 ad
950 1010 954 1015 ·

123 1067 243 1133 senatum,
260 1070 403 1136 pervincere
416 1072 515 1138 potnit:
534 1069 568 1133 ἃ,
587 1082 665 1134 quum
683 1081 773 1131 magno
790 1075 873 1117 certa·

120 1147 188 1197 mine
200 1146 349 1210 obtinuisset,
360 1158 389 1197 ut
400 1146 583 1198 consulerentur
595 1149 684 1209 Patres,
700 1143 827 1194 consulum
835 1158 870 1195 an

122 1225 281 1275 tribunorum
300 1226 406 1291 placeret
427 1227 528 1276 comitia
547 1223 641 1287 haberi,
666 1221 776 1273 eonsules
791 1221 869 1272 creari

120 1300 176 1365 jussi
187 1300 251 1351 sunt.
269 1302 424 1368 ludibrioque
436 1312 504 1352 erant
514 1302 587 1351 mina
598 1299 700 1364 tribuni,
717 1298 869 1351 denuncian-

122 1379 154 1427 tia
165 1377 188 1427 se
205 1375 324 1428 deleb‘tum
338 1379 526 1446 impediturum
542 1393 628 1444 quum,
645 1376 734 1443 quietis
747 1376 868 1444 finitimis,

122 1467 203 1518 neque
212 1453 284 1517 bello,
302 1469 381 1520 neque
392 1455 450 1504 belli
460 1465 579 1521 apparatu
590 1467 651 1520 opus
663 1450 727 1502 esset.
754 1453 869 1519 Sequitur

122 1528 185 1578 lianc
207 1529 408 1594 tranquillitatem
426 1545 506 1579 terum
523 1545 608 1593 annus,
626 1529 731 1578 Proculo
752 1529 869 1594 Geganio

120 1606 261 1671 Macerino,
278 1609 309 1656 L.
322 1607 441 1656 Menenio
453 1608 550 1655 Lanato
570 1603 719 1669 consulibus,
734 1603 868 1672 multiplici
916 1624 918 1629 ’

122 1680 190 1732 clade
207 1699 235 1732 ac
253 1685 362 1751 periculo
379 1684 486 1747 insignis,
503 1680 672 1745 seditionibus,
690 1681 762 1746 same,
787 1697 867 1748 regno

122 1763 199 1825 prope
211 1774 254 1825 per
272 1761 408 1824 largitionis
415 1759 574 1808 dulcedinem
588 1759 614 1806 in
629 1758 737 1807 cervices
754 1769 868 1825 accepto.

122 1837 206 1886 Unum
225 1836 288 1888 afuit
299 1839 391 1887 bellum
409 1847 553 1885 externum:
571 1849 622 1899 qno
640 1833 809 1898 fraggravatae
827 1851 868 1887 ree

122 1906 204 1974 essent,
222 1913 268 1962 vix
279 1929 328 1978 ope
340 1915 450 1961 Deorum
463 1910 575 1959 omnium
585 1907 657 1957 rcfisti
667 1902 791 1974 potuifiet.
811 1913 868 1959 Cor·

121 1993 206 2054 perca
223 1985 289 2036 fame
303 1987 375 2048 mala,
393 1983 434 2034 seu
451 1981 566 2033 adversus
585 1997 662 2031 annus
678 1981 790 2046 frugibus
809 1983 867 2050 fuit,

53 2052 55 2057 ¹
121 2063 163 2114 seu
171 2062 300 2114 dulcedine
311 2063 459 2112 concionum
470 2059 495 2110 dr
505 2059 573 2108 urbis
584 2057 679 2110 deserto
690 2073 806 2123 agrotum
814 2061 868 2113 cut-

121 2149 158 2190 tu.
175 2156 232 2189 nam
245 2150 373 2204 utrumque
385 2136 498 2187 traditur.
517 2135 542 2186 dt
553 2137 635 2185 Patres
647 2134 743 2203 plebem
752 2135 868 2206 defidem,

121 2215 147 2264 dc
159 2217 251 2266 tribuni
262 2216 339 2283 plebis
349 2231 414 2266 nunc
423 2213 535 2264 fraudem
545 2229 612 2264 nunc
620 2214 794 2279 negligentiam
805 2231 868 2269 con·

122 2288 201 2340 sulutn
216 2291 370 2342 accusabant.
406 2288 530 2341 Postrema
545 2289 673 2358 perpulere
685 2289 782 2357 plebeii,
799 2289 868 2345 haud

118 2366 263 2416 adversante
280 2369 370 2432 senatu,
388 2381 415 2418 ut
432 2371 464 2418 L.
484 2368 613 2418 Minuciru
624 2368 749 2434 praescitus
760 2384 870 2423 annona

120 2452 242 2490 crearetur
249 2461 258 2502 ;
273 2443 370 2494 felicior
380 2447 405 2493 in
417 2459 448 2495 eo
459 2445 599 2508 magistratu
611 2444 641 2493 ad
650 2444 782 2494 custodiam
790 2447 866 2497 liber·

119 2516 176 2564 tatis
189 2516 292 2578 futurus,
302 2525 375 2582 quam
384 2519 414 2568 ad
426 2521 577 2568 euranonem
584 2521 712 2571 ministerii
720 2520 773 2571 sui:
787 2538 868 2586 quan-

120 2605 195 2658 quam
214 2591 335 2656 postremo
353 2609 456 2642 annona
467 2609 566 2659 quoque
577 2595 665 2646 levata
676 2596 741 2645 hand
754 2597 865 2647 immeri-

119 2679 172 2717 tam
189 2667 213 2714 8:
233 2667 336 2729 gratiam
353 2669 498 2739 &gloriam
515 2671 580 2719 tulit.
616 2674 667 2736 Qui
679 2689 764 2738 quum,
781 2674 870 2726 multis

120 2744 187 2794 circa
202 2741 322 2793 finitimos
339 2744 444 2810 populos
455 2745 617 2809 legationibus
629 2751 692 2799 terri
701 2750 811 2814 marique
821 2765 870 2800 ne·

119 2819 252 2886 quicquam
263 2820 344 2890 millis,
362 2820 415 2882 (niti
433 2820 499 2886 qudtl
512 2838 544 2873 ex
556 2823 654 2872 Etruria
670 2825 735 2875 haud
747 2827 782 2875 ita
800 2826 866 2879 mul·

119 2905 176 2946 arm
188 2894 309 2948 stramenti
324 2895 454 2950 advcflum
474 2896 516 2963 eli)
537 2899 632 2949 ntrllum
650 2912 804 2952 motnennrm
820 2919 867 2956 an-

458 2974 515 3028 K6
789 2993 867 3034 nona
