1964 3660
287 202 290 207 ’
365 190 393 243 L'
410 191 426 244 1
441 189 463 242 B'
477 189 499 242 Ε
515 190 539 243 R
572 190 621 244 N.
816 187 873 255 ψ’

117 294 175 349 que.
198 278 295 346 ignibus
309 288 403 330 armata
417 280 503 344 ingens
512 277 656 342 multitudo,
673 275 816 344 facibusque
826 286 872 327 ara·

118 357 233 408 dentibus
244 367 298 408 tota
314 355 445 418 collucens,
462 354 532 404 velut
547 353 656 405 fanatico
665 351 775 403 instinsia
786 352 867 417 cussie,

118 439 144 486 in
155 435 248 484 hostem
259 435 323 485 ruit:
336 433 465 500 sonusque
476 431 580 483 insolitae
591 446 679 501 pugnae
690 433 815 482 Romanos
827 445 868 496 pa-

115 527 217 579 rumper
236 513 364 564 extenuit.
399 514 470 560 Tum
489 509 602 573 uitiator,
618 509 734 574 magistro
754 509 868 575 equitum

117 588 296 655 equitibusque,
313 599 367 639 tutu
380 602 413 638 ex
427 586 555 638 montibus
566 584 685 650 Quinfflo
695 585 785 648 accito,
794 599 868 651 -psoe-

117 665 179 715 lium
191 668 264 732 ciens,
282 665 333 734 ipse
344 665 500 717 infinisirum
516 678 602 728 cornu,
618 664 694 730 quod,
711 661 826 714 incendio
837 661 868 712 si·

118 742 200 794 misius
210 749 285 809 quam
297 745 392 813 proelio,
409 743 523 792 territum
541 739 640 790 cesserat
653 741 765 804 flammis,
782 754 868 815 accur-

118 822 165 871 rit:
184 822 295 888 clarique
312 836 386 885 voce,
403 821 502 871 Fumine.
516 817 580 882 attii,
597 818 687 884 inquit,
704 818 765 868 velut
779 832 869 867 examen

117 908 183 963 epum
194 898 236 948 ioco
247 898 319 963 vestm
330 898 405 962 exaiii,
422 895 671 960 inemiuedeiisdsosii?
694 898 749 944 Non
754 895 819 959 ferm
829 910 869 944 es·

112 973 234 1041 flinguesis·
246 975 325 1043 ignes?
341 991 381 1024 nm
395 975 458 1039 faces
470 973 509 1022 das
525 973 581 1039 ipsas
589 983 631 1038 pre
636 974 662 1038 je
679 972 769 1038 quisque,
781 970 803 1036 fi
813 971 869 1038 igni,

118 1067 158 1100 nen
174 1052 230 1115 telis,
246 1053 381 1121 pugnandmn
401 1050 438 1115 est,
455 1058 540 1116 ereptas
559 1050 614 1099 niteo
633 1050 754 1114 inferetis?
788 1050 870 1116 Agite,

118 1130 208 1177 neminis
219 1131 346 1183 Romanius
356 1129 446 1178 virtutis
459 1135 549 1194 passum
562 1126 674 1192 vestraque
684 1141 796 1190 memores,
813 1141 869 1174 uer⁴

119 1207 160 1253 tite
170 1206 287 1255 incendium
298 1207 336 1257 dos
345 1208 368 1256 in
383 1205 471 1269 bestium
482 1202 570 1265 seriem3
587 1204 615 1254 ds
626 1205 673 1270 fisis
686 1204 783 1266 flammis
801 1203 869 1252 delete

119 1282 221 1345 Fidenas,
237 1298 288 1348 quas
299 1282 490 1347 vesteisienefisiis
497 1281 587 1348 piscare
605 1297 645 1329 non
652 1279 759 1346 posuistis.
794 1281 869 1346 Lega-

120 1368 190 1409 tsmm
201 1360 238 1409 boc
248 1377 291 1411 vos
299 1361 420 1426 vestiarum
436 1360 694 1426 ssismmmqussangnis,
711 1357 870 1425 vastatiquesi-

119 1453 160 1487 sees
168 1444 259 1488 monenti
281 1439 319 1489 Ad
331 1440 463 1506 imperium
474 1437 680 1488 diflatosismota
691 1436 778 1487 cuniis
789 1437 870 1487 acies:

119 1513 185 1565 sacen
195 1517 285 1583 partim
296 1515 383 1567 emissae
391 1516 558 1583 excipiuntur,
576 1515 704 1581 partimus
715 1515 870 1580 eripiuntur:

120 1603 222 1658 utraque
234 1595 297 1644 acies
315 1604 424 1644 annauts
435 1595 495 1659 ἰεῃὶι
530 1593 649 1656 Magister
657 1595 768 1658 equitum
780 1591 871 1659 &ipse

120 1684 200 1721 novat
216 1681 332 1740 pugnam*
341 1671 485 1738 equestrem.
508 1670 590 1720 {senos
604 1681 632 1719 ut
649 1671 779 1721 detrahant
789 1672 871 1737 equis,

120 1751 238 1817 imperat:
257 1751 281 1799 ds
294 1749 344 1817 ipse
360 1752 481 1817 princeps,
499 1748 633 1798 calcaribus
648 1747 871 1814 subditis-essibus,

121 1826 215 1877 effreno
226 1842 291 1891 equo
303 1829 328 1876 in
339 1827 433 1876 medios
444 1827 512 1890 ignes
523 1823 640 1874 infertur:
659 1825 739 1876 &alii
750 1826 870 1876 concitati
943 1831 947 1839 “

121 1906 179 1970 equi
193 1904 279 1954 liber0=
289 1904 361 1954 cursu
376 1904 459 1953 serunt
477 1903 586 1967 equitem
602 1905 628 1951 in
649 1903 749 1952 hostem.
784 1903 871 1954 Pulvis

121 1982 354 2048 elatus,mixtusque
363 1981 532 2045 sum0‚sucem
544 1993 578 2029 ex
587 1979 665 2028 oculis
672 1979 783 2029 virorum
793 1995 871 2046 equo-

121 2075 226 2125 rumque
238 2050 326 2109 ausert.
352 2074 390 2122 ea,
408 2073 462 2124 quae
472 2057 576 2107 militem
588 2067 714 2120 tenuent,
731 2057 822 2126 species
830 2059 875 2108 ni·
925 2105 927 2110 .

122 2137 157 2187 hil
169 2137 257 2186 terruit
266 2151 351 2203 equos.
364 2137 451 2188 nruinae
462 2137 539 2202 igitur
549 2135 651 2187 similem
665 2135 769 2199 stragem
786 2149 870 2202 eques,

121 2229 267 2281 quacunque
284 2215 431 2284 pervaserat,
448 2215 528 2266 dedis.
562 2214 669 2265 Clamor'
680 2213 768 2265 deinde
779 2214 871 2266 accidit

121 2302 218 2344 novus:
237 2293 280 2360 qui
297 2310 374 2361 quum
385 2306 521 2361 utramque·
529 2293 738 2344 mirabundamin
755 2293 870 2346 se'aeiem

121 2373 239 2438 vertisset,
257 2373 361 2425 diiiator
377 2376 517 2437 exclamat3
534 2373 659 2440 Quindium
675 2373 768 2440 ie'gattsm
779 2374 808 2425 da*
817 2377 870 2440 snus

121 2447 148 2496 ‘ab
160 2458 220 2514 tergo
238 2448 315 2512 hostem
326 2453 409 2501 adortos
417 2471 432 2500 :·
444 2453 504 2519 ipse,
520 2451 686 2516 redintegrato
697 2451 812 2514 clamose,
830 2453 869 2499 in·

121 2523 171 2574 fert
182 2523 261 2572 acrius
272 2521 346 2586 signa.
382 2530 467 2589 Quum
479 2527 532 2575 duae
543 2527 615 2589 acies,
632 2525 682 2576 duo
694 2525 790 2575 diversa
805 2541 870 2593 proe·

122 2602 164 2664 lia,
182 2601 363 2652 circumventos
375 2602 489 2654 Etruscos
500 2606 557 2653 &a
570 2603 651 2654 fronte
664 2605 689 2655 ἃ
699 2605 736 2654 ab
745 2613 816 2668 tergo
829 2619 870 2655 us·

123 2686 233 2742 guesent,
258 2679 373 2742 usquein
391 2680 466 2729 nestra
477 2684 550 2744 ren-b,
568 2696 647 2746 neque
664 2683 689 2731 iti
700 2691 806 2743 montet,
822 2692 870 2730 un*
932 2721 934 2725 .

123 2755 153 2804 de
166 2755 189 2804 se
206 2769 288 2804 novus
300 2756 372 2805 hosiis
390 2757 523 2820 objecerat,
540 2759 586 2807 iter
597 2759 661 2824 sugae
676 2757 740 2820 esset,
759 2758 783 2807 ds
800 2760 869 2824 equi-

124 2842 176 2882 tem
195 2829 278 2897 passum
297 2832 367 2882 liberi
381 2831 455 2883 frenis
475 2832 624 2901 dispuliss‘eut
642 2835 707 2900 equi,
725 2824 870 2895 Vejentiutn

125 2908 234 2973 maxima
255 2923 309 2974 pars
322 2911 437 2960 Tiberim
448 2910 516 2978 effusi
529 2921 625 2978 petunt.
661 2911 814 2962 Fidenatium
827 2912 871 2977 qui

123 2983 260 3055 superstant,
275 2987 307 3042 ad
317 2990 404 3044 urbem
415 2990 519 3045 Fidenas
529 2988 645 3044 tendunt.⁴
676 2989 755 3046 Infert
764 2990 878 3061 pavidos.

457 3069 516 3132 Li
686 3098 694 3110 π
810 3067 878 3136 suan
