1964 3660
341 208 513 259 LIBER
546 207 622 256 vm.
806 212 863 263 459

113 297 313 367 aspernabantur
333 295 423 345 Mediis
435 293 539 344 consiliis
550 292 662 341 flandum
673 288 812 353 videbatur,
829 300 859 340 ut

113 377 212 445 oppidis
223 376 247 426 se
261 385 385 435 tenerent;
395 389 425 422 ne
432 372 549 422 lacellitus
559 372 686 420 Roinanur
696 367 793 417 eausam
800 368 859 419 belli

114 455 235 513 liaberet,
262 453 295 515 u,
312 451 329 500 fi
349 450 418 512 cujus
438 448 524 514 oppidi
544 445 639 496 oblidio
658 445 775 494 nunciata
792 443 860 509 effer,

114 532 230 597 undique
235 544 267 581 ex
277 529 392 579 omnibus
404 527 504 593 populis
510 525 631 574 auxilium
639 522 740 575 obsessis
745 523 860 574 ferretur.

115 613 204 674 Neque
216 619 306 670 tamen,
322 605 366 655 nisi
375 603 509 653 admodum
522 608 536 650 ι
551 601 636 668 paucis
645 600 751 666 populis,
769 599 861 650 Pedani

112 681 201 750 adjuti
215 685 279 733 lunt.
314 682 433 732 Tiburtes
452 680 651 744 ¹l’raeneliinique,
674 693 780 746 quorum
802 694 861 744 ager

114 762 218 830 propior
231 770 292 824 erat,
311 760 403 808 Pedum
415 771 558 824 pervenere.
577 755 693 804 Aricinos
704 756 861 806 Lanuv'inoss

114 855 162 905 que
174 839 199 888 ie
211 840 358 902 Veliternos,
377 836 518 886 Antiatibus
530 833 626 884 Volscis
640 833 664 882 le
676 835 862 899 conjungentes,

115 916 146 965 ad
159 915 251 965 Allurae
262 911 354 965 flumen
371 915 484 977 Manius,
501 914 641 980 improviso
659 904 767 975 adortus,
785 913 861 964 ludin

115 994 233 1043 Camillus
245 992 276 1042 ad
294 993 386 1042 Pedum
404 1007 461 1042 cum
472 991 630 1053 Tiburtibus,
648 990 757 1038 manime
776 990 862 1040 valido

114 1071 236 1134 exercitu,
253 1069 348 1131 majore
367 1069 441 1131 mole,
459 1074 599 1132 quanquam
619 1068 687 1130 teque
706 1065 824 1131 prospero
835 1081 863 1114 οι

113 1158 201 1211 ventu,
219 1157 331 1215 pugnat
357 1145 506 1195 Tumultum
525 1145 635 1193 maxime
652 1145 780 1211 repentina
798 1143 863 1194 inter

113 1225 228 1290 proelium
240 1224 338 1316 eruptio
347 1221 529 1289 oppidanorum
540 1221 614 1270 feeit:
632 1220 666 1270 in
669 1236 729 1285 quos
741 1232 810 1288 parte
820 1236 863 1272 ex

115 1302 205 1351 ercitus
214 1300 341 1362 conversa,
361 1300 476 1349 Camillus
485 1314 536 1348 non
547 1298 668 1369 compulit
678 1297 758 1347 solum
770 1315 812 1348 eos
823 1299 863 1349 in

115 1387 154 1427 tra
164 1379 262 1443 moenia,
280 1377 331 1428 leci
328 1359 425 1427 coilem
443 1379 518 1427 etiam
530 1376 578 1441 die,
597 1391 672 1442 quum
681 1375 745 1442 ipsos
756 1376 862 1425 auxilia·

115 1470 164 1521 que
180 1471 267 1506 eorum
282 1454 434 1523 perculisset,
446 1454 566 1523 oppidum
576 1454 647 1505 soalie
658 1454 733 1521 cepit.
768 1455 864 1504 Placuit

116 1533 206 1592 inde,
196 1549 248 1597 Jam
257 1534 352 1597 majore
361 1536 596 1598 eonatuanimoque
610 1534 722 1584 abunius
734 1548 863 1601 expugna·

114 1611 184 1661 tione
192 1612 259 1660 urbis
270 1611 300 1660 all
313 1610 507 1675 perdomandum
520 1612 621 1660 Latium
630 1611 749 1659 vitiorem
760 1612 864 1661 circum·

115 1686 205 1735 ducere
228 1687 374 1735 exercitum.
400 1701 446 1734 nec
464 1688 583 1750 quievere
602 1690 666 1750 ante,
684 1692 765 1750 quam,
783 1701 863 1752 expu-

115 1761 213 1826 gnando
230 1771 273 1810 aut
290 1761 316 1809 in
335 1759 486 1810 deditionem
504 1761 649 1826 accipiendo
667 1762 770 1826 singulas
781 1764 862 1826 urben,

115 1839 217 1888 Latium
235 1851 310 1886 omne
327 1837 452 1900 subegere.
488 1837 603 1887 Praefidiis
614 1838 671 1889 inde
688 1839 807 1907 dIspolitis
818 1854 863 1910 pet

115 1923 215 1982 recepta
226 1912 327 1980 oppida,
344 1915 450 1962 Romam
465 1913 499 1963 aii
517 1913 661 1963 destinatum
679 1917 789 1966 omnium
802 1932 862 1968 con·

115 1992 186 2042 sensu
200 1993 356 2060 triumphum
373 1991 500 2043 decessere.
518 1990 614 2042 additus
633 1993 760 2059 triumpho
773 1989 863 2064 bonon,

114 2077 144 2116 ut
156 2067 368 2135 statuae'equellres
385 2069 427 2133 cis,
443 2082 498 2117 rara
515 2066 556 2115 illi
567 2078 637 2117 aerate
648 2083 693 2132 res,
710 2070 735 2118 in
747 2069 804 2120 loro
814 2076 863 2140 po*-

114 2154 240 2193 nerentur.
274 2146 352 2210 Prius,
370 2151 446 2213 quam
463 2144 570 2199 comitiis
589 2145 616 2194 in
633 2145 801 2211 insequentem
817 2167 862 2200 an·

114 2235 176 2272 num
195 2222 305 2272 consules
324 2234 448 2288 rogarent,
469 2223 585 2274 Camillus
602 2222 632 2272 de
649 2225 745 2276 Latinis
764 2229 864 2295 pepulit

115 2300 147 2350 ad
164 2299 274 2350 senatum
292 2302 383 2366 retulit,
400 2312 473 2368 atque
491 2301 526 2350 ita
539 2301 664 2352 differuit:
682 2306 761 2355 Patres
771 2308 863 2374 consui.

111 2377 156 2442 pri,
172 2376 226 2442 quod
235 2375 287 2426 lelio
296 2378 401 2445 armisque
412 2379 434 2428 in
443 2379 507 2428 Latio
518 2381 622 2446 agendum
629 2381 686 2445 fuit,
698 2383 776 2448 idjam
788 2384 864 2434 Deim

114 2451 243 2517 benignitate
254 2469 279 2501 ac
290 2457 373 2504 virtute
383 2457 477 2504 militum
488 2457 587 2519 adfinem
598 2459 670 2506 vetar.
688 2459 731 2522 ιιι
740 2461 769 2508 ad
778 2451 863 2510 Pedum

113 2526 319 2593 Asturamquestmt
328 2529 432 2578 exercitus
443 2529 547 2593 hostium:
564 2532 643 2596 oppida
657 2534 737 2582 latina
744 2536 824 2598 omnia,
834 2537 864 2588 ύ·

114 2602 211 2652 Antium
222 2617 247 2651 ex
263 2602 348 2667 Volscis,
366 2612 404 2653 aut
414 2604 440 2652 vi
451 2614 523 2670 capta,
539 2614 578 2655 aet
592 2615 679 2672 recepta
690 2609 712 2656 in
728 2609 862 2674 dediticium,

111 2677 215 2744 praefidiit
233 2685 332 2728 lenem
350 2680 436 2743 vestris
471 2681 559 2747 Reliqua
575 2684 696 2750 constellatio
710 2685 748 2749 est,
764 2689 863 2754 quoniam

114 2754 230 2804 rebellato
234 2756 312 2823 sepiar
327 2758 492 2824 mutuarent,
509 2776 598 2826 quom
613 2763 673 2812 modo
687 2764 794 2831 perpetui
805 2779 863 2839 pate

114 2835 194 2902 quietos
211 2831 348 2884 alumnus.
382 2837 427 2886 Dii
443 2838 572 2888 immortales
587 2840 620 2888 ita
636 2856 676 2890 vos
687 2851 785 2908 potentes
800 2844 862 2910 liujus

114 2910 308 2977 emfiliifecemt,
324 2921 349 2962 ut
350 2911 399 2978 ,fit
416 2915 597 2981 Lanemdeinde,
613 2920 764 2985 anncnstt,
755 2922 863 2987 mvestni

114 2988 307 3099 mataposuetiat.
323 2990 766 3120 Bmpamuwprs,quddhnm
775 3000 861 3134 appatuere,
