1964 3660
119 200 169 259 264
374 197 413 247 Τ.
448 191 470 246 L
487 197 501 246 1
518 199 542 247 V
559 197 610 248 11·

118 288 146 337 in
157 285 266 338 conciliis
277 287 381 354 privatis
397 284 538 354 principum
550 286 673 352 cogendis,
691 288 759 338 viam
770 288 864 340 confilii

119 364 295 425 inveniebant;
314 379 390 428 quum
404 370 452 431 Ap.
464 363 588 428 Claudius,
606 380 682 432 nepos
693 366 753 430 ejus,
771 367 812 430 qui
822 365 865 414 de-

38 442 42 454 '
118 443 215 494 ccmvir
228 441 323 506 legibus
334 441 466 491 scribendis
477 441 565 505 suerat,
582 443 698 492 minimus
705 453 765 492 natu
777 458 810 492 cx
819 445 865 492 Pa-

118 531 183 571 trum
196 521 311 585 concilio,
328 518 419 570 dicitur
432 519 526 583 dixisse,
544 521 608 570 Vetas
614 521 640 588 fe
658 536 683 573 ac
687 521 803 586 familiare
814 537 866 575 con,

111 597 186 665 filium
196 598 256 647 dama
274 599 361 662 affirre.
381 610 491 665 pravum
507 599 564 647 enim
575 600 638 664 suum
655 600 705 664 Ap.
719 598 829 649 Claudium
840 615 864 648 a·

111 676 183 741 standi
200 678 324 728 ePatribut
335 678 397 726 viam
413 694 477 726 unam
494 674 621 742 daffrlveada
633 674 868 745 inhuuiciapotqllatit

114 765 158 821 par
168 753 293 821 colbgarum
304 755 477 820 interaeffioucm.
510 753 584 803 Facit
593 753 685 803 homines
695 769 762 803 nouas
772 753 865 804 aufiara'-

118 841 165 882 tate
172 832 295 899 principum
311 834 336 882 de
340 832 449 899 sentenia
459 831 538 894 deduci,
549 829 571 896 ſs
581 839 699 898 temporum
710 832 815 881 interdum
822 843 865 898 po÷

118 911 170 973 tiles,
188 914 253 975 quam
264 910 387 977 majestatis,
405 925 485 959 memor
501 908 624 959 adhibeatur
641 911 718 960 aratia.
752 911 798 960 Pro
810 910 866 976 sar3

119 996 170 1039 tuna
180 988 222 1039 illis
233 989 314 1039 animas
327 989 375 1056 effe.
397 987 431 1039 udi
443 983 541 1050 videant,
557 987 645 1056 collegas
656 989 766 1055 principes
782 988 866 1055 menda

117 1067 151 1115 rei
157 1067 257 1133 gratiam
268 1085 351 1118 omnem
367 1069 396 1116 ad
407 1065 492 1133 plebem
500 1065 655 1133 praaccupa'ffe,
671 1067 787 1117 acolacum
805 1067 828 1115 in
838 1080 865 1116 ea

118 1143 263 1208 relliumſsbi
269 1164 277 1207 3
293 1145 349 1194 baud
354 1149 452 1212 gravati
462 1141 599 1194 acclinaturos
604 1147 630 1210 fe
640 1145 669 1193 ad
678 1143 762 1210 caufiain
767 1143 866 1211 senatis,

115 1230 230 1287 perquam
241 1224 340 1288 universo
359 1221 427 1271 ardiai
445 1237 493 1270 cum
505 1222 650 1287 prioribussc
667 1223 759 1272 Parrum
779 1221 864 1273 canuli-

118 1305 164 1346 ent.
199 1298 401 1365 Approbantibus
412 1296 512 1361 cunetis,
530 1297 554 1347 δι
571 1307 628 1346 ante
639 1313 724 1347 ornnes
737 1302 770 1361 Q.
783 1298 864 1348 Servi-

114 1372 154 1424 tio
174 1374 269 1439 Prisco,
283 1375 350 1442 quod
366 1391 418 1425 non
434 1373 596 1439 degenerdllet
611 1375 643 1424 ab
660 1374 733 1442 stirpe
754 1375 866 1440 Claudia,

113 1451 274 1502 collaudante
288 1454 418 1518 juvenem,
434 1454 564 1516 negotium
574 1452 654 1515 datur,
671 1462 707 1516 ut,
725 1453 867 1519 quosquis.

119 1545 167 1595 quc
186 1528 264 1596 pollet
275 1546 307 1583 cx
324 1531 430 1596 collegio
449 1531 612 1594 tribunorum,
628 1529 659 1580 ad
671 1531 866 1584 interceiiionem

118 1607 273 1677 perlicerent.
308 1609 382 1659 Misso
399 1608 491 1672 senatu,
510 1608 653 1677 prensantur
668 1608 700 1657 ab
711 1609 866 1677 principibus

119 1685 225 1748 ¹tribuni:
250 1686 383 1752 suadendo,
399 1678 532 1751 monendo,
554 1685 743 1753 pollicendoque
765 1697 864 1750 gratum

118 1761 145 1813 id
157 1761 255 1828 lingulis
266 1765 394 1833 priyatim,
412 1775 508 1829 gratum
518 1763 634 1815 universo
646 1762 739 1813 senatui
750 1763 812 1827 fore,
822 1766 866 1819 sex

117 1838 151 1888 ad
162 1839 356 1892 intercessionem
368 1857 552 1913 comparavere.
582 1840 728 1908 Posteroque
736 1840 775 1890 die
787 1857 865 1907 quum

119 1932 153 1968 ex
164 1921 302 1987 composito
321 1922 426 1971 relatum
442 1922 473 1973 ad
491 1920 602 1972 senatum
613 1920 670 1971 eilet
687 1921 717 1969 de
737 1919 866 1986 seditione,

118 2012 195 2062 quam
207 2000 328 2051 Macilius
339 1999 497 2066 Metiliusque
508 2000 640 2065 largitione
653 1998 745 2067 pesfimi
759 1999 864 2066 exempli

118 2077 263 2143 concirent3
280 2094 314 2130 eae
331 2080 455 2129 orationes
471 2083 486 2128 a
501 2078 651 2146 primoribus
664 2081 763 2128 Panum
776 2078 865 2129 habita

119 2142 183 2221 funt,
201 2164 229 2202 ut
240 2170 287 2220 pro
301 2155 326 2204 se
337 2155 439 2221 quisque
447 2156 500 2219 jam
514 2171 559 2204 nec
577 2154 704 2216 confilium
723 2155 766 2204 sibi
778 2155 865 2223 suppe-

118 2241 169 2280 tere
181 2231 280 2295 diceret‚
296 2247 342 2281 nec
354 2231 378 2281 se
390 2233 464 2280 ullam
475 2247 549 2297 opem
560 2247 659 2281 eernere
670 2232 743 2281 aliam
753 2231 866 2297 usquam,

116 2316 280 2375 preterquam
290 2307 317 2355 in
325 2307 459 2356 tribunicio
470 2307 576 2356 auxilio.
599 2306 625 2354 in
637 2306 689 2370 ejus
700 2308 824 2376 potcstatis
835 2307 865 2356 fi-

32 2382 39 2394 '
117 2383 175 2444 dem
186 2385 381 2434 circumventam
398 2384 585 2451 rempublicam,
603 2394 720 2452 tanquam
737 2388 868 2450 priuatum

118 2461 228 2529 inopem,
244 2460 386 2526 confugere.
415 2462 561 2512 Praeclarum
571 2461 625 2529 ipsit
638 2463 798 2529 potestatique
810 2463 865 2529 effe,

110 2553 172 2588 non
190 2535 222 2586 ati
243 2536 387 2588 vexandum
404 2536 515 2587 senatum
534 2533 731 2604 discordiamque
749 2537 865 2591 ordinum

118 2614 270 2665 movendam
281 2615 335 2683 plus
347 2616 373 2665 in
385 2615 512 2666 tribunatu
524 2615 617 2666 virium
628 2617 682 2680 effe,
700 2621 774 2682 quim
785 2615 816 2666 ad
827 2631 865 2667 re·

115 2693 248 2746 sistendum
259 2692 380 2762 improbis
392 2694 500 2759 collegis.
534 2695 656 2745 Fremitus
668 2693 755 2744 deinde
763 2691 864 2745 uniuer-

118 2771 244 2822 srsenatirs
259 2762 335 2838 ortus,
352 2772 430 2839 quum
438 2786 471 2821 ex
487 2771 602 2822 omnibus
617 2771 726 2839 partibus
738 2773 810 2822 curia
821 2772 865 2822 tri·

119 2851 181 2902 buni
201 2851 397 2919 appellarentur:
415 2861 477 2914 tum,
494 2848 589 2900 silentio
608 2848 682 2915 salio,
699 2849 726 2912 ii,
744 2851 786 2914 qui
803 2865 865 2917 prae·

120 2932 201 2996 parati
212 2940 281 2980 erant
292 2931 372 2996 gratii
379 2930 531 2999 principunn
537 2943 617 2994 quam·
622 2928 778 2993 rogationem
788 2932 803 2976 a
814 2927 865 2976 col-

116 3005 179 3074 tegis
195 3008 378 3082 promulgatam
393 3008 490 3067 senatus
498 3005 598 3065 censen
614 3005 773 3077 diilolqenda
783 3004 866 3125 [ἓξὲξ
