1964 3660
136 205 169 262 46
395 197 618 248 T.L1v11

136 287 225 353 Tullio
243 299 334 333 nomen
350 284 585 350 fuit,caputars1sse
601 283 683 332 ferunt
703 281 837 330 multomm
856 282 881 329 in

137 359 276 426 couspeslu.
312 361 421 408 Plurimo
438 360 513 422 igitur
530 359 635 406 clamore
647 357 702 405 inde
716 356 748 403 ad
764 366 836 403 tantae
848 355 882 402 rei

137 435 283 484 miraculum
301 445 357 484 orto
375 435 469 482 excitos
478 448 554 496 reges,
580 433 604 480 ἃ
617 447 693 495 quum
704 429 804 494 quidam
813 430 883 478 sami-

140 509 239 560 liarium
250 525 340 573 aquam
356 511 387 559 ad
401 508 597 572 restinguendum
611 507 692 568 ferret,
706 506 737 555 ab
748 506 832 568 regina
848 520 885 554 re-

114 606 116 609 *
138 595 249 636 tentum:
268 585 400 651 sedatoque
409 595 465 635 eam
477 586 592 647 tumultu,
607 583 703 634 moveri
715 582 815 632 vetuisse
827 598 887 649 pue-

139 677 209 723 rum,
227 661 363 710 donecsus
378 661 463 729 sponte
481 661 634 728 experreslus
651 658 716 708 essct.
750 661 816 707 Mox
831 673 888 706 cum

140 738 261 790 somno&
272 740 397 786 flammam
405 737 496 785 abiiffe.
532 741 600 785 Tum
610 734 713 785 abdutlo
723 735 750 782 in
768 734 887 783 secretum

140 815 197 863 viro
215 812 348 877 Tanaquil,
368 815 388 858 V
388 813 442 861 idm’
457 822 482 862 tu
489 824 581 878 puerum
589 811 655 873 hunc,
664 812 753 874 inquit,
769 826 829 876 quem
841 818 887 857 mm

140 886 216 937 humili
227 887 282 936 cultu
293 887 423 936 educamus?
451 888 510 935 Scire
522 887 577 949 licet,
589 886 641 934 hunc
652 885 720 934 sumen
736 885 837 950 quondam
852 899 887 931 re·

141 964 180 1012 bus
191 961 266 1025 nostris
278 954 344 1011 sullis
350 964 461 1026 futurum,
478 963 635 1027 praefidiumque
648 961 710 1025 regia
720 958 807 1020 afflislae.
834 970 886 1022 pm·

141 1038 191 1088 iude
202 1037 313 1086 materiem
325 1039 414 1104 ingentis
427 1037 511 1102 public?
520 1038 670 1101 privatimque
688 1035 766 1083 decoris
783 1034 838 1081 ornm'
855 1034 888 1081 in·

143 1114 250 1180 dulgentia
266 1113 335 1175 nostres
351 1113 477 1162 nutriamus.
513 1112 690 1176 Indepuerum
709 1110 813 1159 liberum
832 1109 889 1156 loco

143 1198 251 1252 coeptum
269 1186 360 1247 haberi,
378 1185 516 1247 erudirique
527 1186 629 1247 artibus,
650 1185 736 1247 quibus
751 1184 848 1245 ingenia
859 1174 889 1230 ad

143 1277 238 1324 magnae
247 1262 350 1309 sortunae
357 1260 449 1309 cultum
456 1259 603 1307 excitantur.
637 1261 728 1308 Evenit
737 1259 812 1321 sacili,
823 1256 890 1322 quod

145 1339 199 1388 Diis
209 1335 277 1385 cordi
288 1334 353 1383 esset.
377 1336 479 1398 Juvenis
488 1335 563 1383 evasit
575 1338 631 1384 verit
640 1335 727 1383 indolis
736 1337 815 1397 regiae.
836 1349 890 1396 nec,

145 1427 223 1478 quum
241 1420 387 1474 quaereretur
402 1425 476 1473 gener
491 1412 638 1475 Tarquinio,
656 1410 783 1475 quisquam
800 1413 892 1458 Roma-

144 1503 182 1536 nae
195 1486 331 1548 juventutis
342 1485 390 1532 ulla
401 1495 452 1534 arte
462 1482 567 1539 consciri
579 1486 673 1550 potuit:
691 1484 814 1548 filiamque
824 1485 846 1530 ei
856 1483 891 1531 su-

14 1548 124 1634 „MN
145 1577 186 1612 am
199 1559 401 1627 Rex'despondit.
436 1560 491 1620 Hic,
508 1575 654 1624 quacunque
670 1561 700 1609 de
715 1559 793 1623 causa,
812 1570 892 1608 tantus

146 1637 181 1686 illi
193 1637 272 1686 honos
290 1636 386 1684 habitus
406 1635 503 1683 credere
518 1636 632 1701 prohibet
649 1637 717 1684 serva
729 1647 815 1685 natum
826 1650 891 1697 eum,

141 1726 301 1778 parvumque
320 1711 400 1777 ipsum
419 1709 524 1759 servisse.
559 1714 652 1759 Eorum
675 1712 752 1774 magis
770 1711 892 1760 sententia

113 1847 120 1858 .
148 1785 211 1847 sum,
224 1787 275 1850 qui,
288 1787 422 1836 Corniculo
433 1798 515 1852 capto,
531 1789 608 1835 Servii
626 1787 712 1848 Tullii,
726 1789 768 1851 qui
783 1789 894 1853 princeps

147 1864 174 1910 in
185 1861 225 1910 illa
234 1861 295 1910 urbe
305 1862 393 1925 suerat,
405 1864 531 1926 gravidam
543 1866 599 1912 viro
608 1863 689 1913 occiso
697 1879 810 1927 uxorem,
818 1877 894 1928 quum

147 1940 211 1986 inter
230 1938 333 2002 reliquas
344 1941 453 2005 captivas
465 1941 563 2003 cognita
577 1939 642 2001 esset,
654 1941 687 1989 ob
698 1942 794 1989 unicam
806 1938 895 1988 nobili·

148 2022 225 2061 tatem
242 2013 272 2061 ab
291 2015 377 2077 regina
397 2018 509 2063 Romana
527 2015 675 2079 prohibitam
693 2015 774 2064 serunt
794 2015 895 2064 servitio

148 2098 247 2154 partum
260 2092 345 2138 Romae
363 2089 467 2151 edidisse,
491 2091 563 2138 Prisci
577 2083 707 2154 Tarquinii
723 2090 808 2144 domo.
834 2089 895 2140 Inde

149 2171 219 2210 tanto
240 2161 361 2210 beneficio
384 2163 618 2212 &intermulieres
639 2165 829 2214 familiaritatem
851 2179 894 2212 au-

149 2235 221 2295 stum,
243 2235 268 2282 ἃ
286 2251 397 2300 puerum,
415 2248 443 2284 ut
462 2237 487 2284 in
507 2236 583 2285 domo
600 2244 614 2286 a
630 2255 710 2303 parvo
728 2238 849 2302 edusium,
869 2241 896 2286 in

141 2307 251 2358 ¹caritate
268 2322 341 2373 atque
358 2313 452 2360 honore
468 2311 550 2360 suiffe:
571 2315 696 2364 fortunam
715 2317 808 2376 matris,
830 2314 895 2378 quud

149 2385 222 2449 capta
239 2386 318 2448 patria
332 2387 357 2433 in
369 2387 474 2435 hostium
484 2402 572 2436 manus
585 2391 688 2454 venerit,
707 2401 735 2439 ut
746 2389 816 2439 serva
827 2399 897 2437 natus

151 2457 300 2522 crederetur,
318 2459 407 2509 secisse.

186 2537 242 2582 XL.
270 2486 540 2598 Duodequasr‘gesrmo
559 2539 636 2588 serme
653 2557 727 2603 anno,
747 2553 779 2588 ex
793 2553 842 2602 quo
859 2552 897 2586 re-

151 2624 226 2672 gnare
238 2620 343 2675 coeperat
355 2611 512 2673 TarquiniuS,
525 2628 576 2661 non
587 2613 652 2678 apud
669 2631 750 2677 regem
762 2614 845 2676 modi),
858 2612 898 2661 sed

153 2685 219 2748 apud
231 2686 311 2732 Patres
323 2683 468 2748 plebemque
484 2685 556 2748 long&
568 2691 679 2737 maximo
691 2691 784 2738 honore
801 2690 900 2737 Servius
961 2747 964 2750 ⁴

154 2759 252 2808 Tullius
270 2771 330 2808 erat.
366 2761 443 2816 xTum
460 2763 523 2810 Anci
535 2761 579 2811 filii
591 2764 649 2826 duo,
665 2765 706 2813 etsi
718 2777 789 2814 antea
806 2765 900 2829 semper

154 2847 200 2896 pro
212 2835 374 2899 indignissimo
383 2835 524 2900 habuerant,
537 2840 560 2887 se
569 2841 649 2905 patrio
658 2856 733 2904 regno
742 2841 829 2888 tutoris
837 2838 901 2887 frau-

154 2901 184 2952 dc
203 2909 291 2974 pulsos,
308 2924 410 2974 regnate
431 2903 517 2965 Rama
534 2916 663 2982 advenam,
682 2931 733 2966 non
749 2914 825 2965 modo
837 2915 899 2964 civi-

855 3001 897 3048 cae,
