1964 3660
355 171 523 221 ursus
556 171 633 221 vru.
807 171 856 230 4⁶5

113 255 222 321 patriciae
240 264 343 320 utraque
361 257 447 320 gentis,
465 270 542 321 quum
560 270 589 303 ea
603 254 781 314 medicamenta
795 252 858 302 salu-

104 331 167 389 ,bria
187 329 233 381 effe
251 331 434 396 contenderent,
457 332 490 381 ab
508 329 653 382 confutante
673 331 753 380 indice
773 331 860 379 bibere

110 406 187 472 juffae,
204 419 232 457 ut
251 408 275 457 se
285 398 372 459 salsum
386 419 551 458 commentam
563 420 711 473 arguerent3
728 409 808 477 spatio
826 405 859 458 ad

113 484 304 549 colloquendum
326 485 434 553 sumpto,
456 501 541 552 quum,
565 486 690 537 summoto
712 487 814 555 populo,
831 484 859 534 in

113 561 244 628 conspesiu
255 564 366 612 omnium
378 578 430 612 rem
439 563 471 612 ad
482 573 573 612 ceteras
584 563 717 615 retulissent
724 584 731 625 ;
744 562 808 613 haud
816 561 862 610 ab·
927 620 930 632 Λ

113 641 245 690 tuentibus
255 641 281 690 ἀ
297 641 343 691 illis
360 640 453 704 bibere,
469 651 546 707 epoto
557 630 747 706 medicamento,
765 641 860 691 suimet

112 713 170 778 ipsae
189 713 275 764 sraude
291 731 378 766 omnes
392 716 548 772 interierunt.
563 716 744 782 comprehensae
761 727 858 766 extem·

114 791 156 858 plo
167 807 251 841 cacum
263 795 364 843 comites
376 809 493 859 magnum
504 794 635 844 numerum
645 804 814 844 matronarum
823 795 861 843 in·

114 867 276 918 dicaverunt:
294 885 328 920 ex
340 871 427 937 quibus
438 870 470 920 ad
483 880 583 919 centrum
594 869 747 936 septuaginta
758 868 860 919 damna·

115 953 155 993 tae.
179 947 266 1010 Neque
282 946 312 996 de
323 948 450 997 veneficiis
467 957 524 996 ante
533 939 588 996 eam
599 946 664 996 diem
676 950 762 997 Romae
774 944 859 1012 quaefi·

114 1031 168 1071 tum
178 1023 220 1073 eil.
254 1024 363 1088 Prodigii
374 1040 403 1074 ea
413 1040 451 1074 res
459 1025 518 1074 loeo
527 1024 623 1086 habita;
645 1026 770 1091 captisque
780 1025 861 1087 magis

112 1099 244 1163 mentibus,
256 1106 329 1166 qudm
341 1100 517 1164 consceleratis,
533 1101 616 1151 smilis
628 1102 689 1151 visa.
707 1103 796 1165 itaque,
808 1115 860 1149 me·

113 1177 193 1224 morid
204 1191 237 1227 ex
248 1177 376 1227 annalibus
390 1180 500 1246 repetiti,
518 1179 544 1227 in
555 1178 723 1228 secelllonibus
732 1176 861 1241 quondam

114 1253 191 1319 plebis
202 1254 302 1303 clavum
309 1255 340 1303 ab
347 1254 560 1317 didatorefixum,
567 1252 860 1318 alienatasuediscordid

113 1342 208 1380 mentes
220 1332 347 1382 hominurn
359 1349 389 1383 eo
408 1333 507 1400 piaculo
524 1343 651 1401 compotes
663 1331 700 1382 sui·
715 1329 804 1394 secisse,
821 1328 860 1379 di·

115 1406 232 1479 &atorem
250 1408 316 1458 clavi
332 1407 425 1473 figendi
441 1409 513 1460 causd
528 1410 608 1459 creari·
629 1408 730 1476 placuit.
764 1418 861 1457 creatus

117 1488 163 1533 Cn.
184 1484 331 1547 Quindilius
348 1486 489 1552 magistrum
504 1487 618 1551 equitum
635 1490 669 1535 L.
679 1485 807 1549 Valerium
820 1483 860 1534 di·
913 1492 923 1499 ‘

114 1562 169 1612 xit:
187 1563 238 1626 qui,
256 1563 403 1625 sueciave,
419 1563 560 1627 magistratu
570 1563 596 1612 se
607 1562 794 1613 abdicaverunt.

148 1642 221 1687 XIX.
241 1642 322 1688 creati
339 1636 452 1691 consules
468 1643 499 1688 L.
515 1641 628 1704 Papirius
647 1638 741 1688 crassus
758 1639 860 1699 iterum,-

114 1718 146 1764 L.
165 1714 272 1764 Plautios
292 1722 390 1766 venno.
416 1715 487 1777 eujus
506 1715 633 1780 principio
650 1716 708 1778 almi
727 1715 802 1777 legati
825 1727 859 1763 ex

115 1790 212 1841 Volscis
228 1791 378 1859 Fabraterni,
395 1790 420 1840 ἃ
437 1791 541 1853 Lucani,
560 1793 666 1843 Romam
682 1799 811 1852 venerunt,
829 1804 860 1837 o·

114 1876 203 1928 rantes,
220 1868 284 1916 utin
299 1867 372 1918 fidem
388 1867 564 1934 reciperentur.
580 1867 775 1917 srbSamnitium
784 1865 863 1916 arnus

114 1943 204 1994 defensi
214 1942 297 2009 essent,
314 1944 339 1995 se
355 1945 399 1995 sub
417 1946 522 2012 imperio
534 1947 620 2013 populi
638 1945 744 1994 Romani
755 1943 860 1993 fideliter
880 1974 882 1979 f

113 2033 188 2085 atque
202 2021 344 2073 obedienter
355 2023 460 2072 fumeas.
495 2022 561 2070 Milli
572 2033 629 2070 tum.
636 2021 669 2070 ab
680 2019 765 2068 senatu
775 2020 865 2085 legati,

115 2097 343 2164 denunciatumque·
352 2096 507 2159 Samnitibus,
523 2107 554 2146 ut
567 2112 655 2146 eorum
665 2096 814 2162 populorum
829 2095 859 2144 fir

114 2174 187 2223 nibus
198 2175 252 2222 vim
263 2175 417 2225 abstinerent.
438 2175 567 2240 valuitque
583 2189 612 2222 ea
628 2173 728 2236 legatio,
745 2188 795 2222 non
808 2183 863 2222 tam:

114 2253 174 2316 quia
185 2253 400 2318 paeemuolebant
408 2254 535 2315 Samnites,
546 2252 687 2317 qiumqma
696 2251 805 2300 nondum
818 2265 861 2317 pa·

114 2332 161 2379 rati
172 2341 243 2379 erant
252 2329 285 2380 sd
297 2331 397 2380 bellum.
432 2330 526 2380 Eodem
542 2345 609 2380 auno
626 2330 760 2379 Privernas
768 2327 864 2378 bellum

115 2408 222 2456 initum:
240 2408 309 2470 cujus
326 2398 385 2458 sdcii
400 2408 520 2469 Fundan'r,
537 2406 590 2456 dun
606 2409 682 2456 etiam
702 2404 863 2456 fuitFundau

115 2498 169 2545 nus,
181 2484 311 2532 Vitruvius
320 2487 416 2533 Vaccus
422 2502 429 2543 ;
439 2484 482 2548 pir
493 2497 544 2532 non
556 2481 627 2531 domi
635 2482 722 2546 solun,
732 2481 775 2538 sed
784 2481 864 2530 etiam.
968 2475 971 2481 '

115 2563 210 2621 Romae,
227 2559 313 2608 clarus.
331 2559 391 2608 vdes
409 2559 478 2608 suere
489 2559 514 2607 in
532 2558 696 2622 Palatioejus,
715 2555 864 2624 qnaevvace'u

116 2647 194 2704 prata,
216 2635 299 2685 dintto
318 2636 424 2685 aedificio
448 2636 624 2702 publicatoque
646 2634 707 2699 folo,
726 2635 863 2702 appellata.

116 2710 240 2762 Adversus
252 2712 327 2776 hunc,
345 2713 485 2762 vastantem·
494 2703 568 2761 effuse
579 2713 687 2761 Setinum
699 2712 859 2762 Norbanum·

117 2802 165 2856 que
176 2790 202 2839 ἀ
221 2793 350 2839 Coranum·
362 2805 457 2854 agrum,
474 2793 506 2838 L.
524 2790 635 2854 Papirius
646 2791 776 2856 proseilue,
792 2791 864 2844 haud:

117 2866 204 2934 procul
220 2867 300 2916 caslris
317 2866 369 2929 ejus
388 2864 507 2917 consedit.
542 2867 662 2918 Vitruvio
678 2884 731 2934 nee,
748 2881 777 2920 ut
791 2872 865 2922 vallo·

115 2946 250 3024 seteneret
263 2943 379 2996 «ἀνατίος
396 2945 549 3062 validippem
559 2944 661 3012 hesim,
677 2945 737 2999 sane
751 2949 865 3000 constare

128 3050 134 3060 .
156 3052 160 3059 .
519 3026 534 3070 5
699 3054 702 3058 .
780 3031 865 3081 mens,
