1964 3660
75 276 77 284 Α
157 240 204 288 152
411 226 446 279 Τ.
480 226 533 281 LI
550 228 575 278 V
592 228 636 287 11
683 264 686 273 ,

44 308 48 313 ’
148 319 289 383 fratremque
291 317 356 385 fimm
366 318 540 382 nmjeeemmaru,
557 319 644 366 necdum
655 330 681 368 ex
696 314 765 366 morio
770 314 826 384 setis
836 316 897 367 vni·

154 395 211 456 diem,
224 405 296 461 pugno
313 394 377 444 iiiam
395 396 421 444 ab
438 398 525 462 Kesme
540 394 632 461 cecidffe
643 395 800 461 semianimem.
836 399 900 444 inter

89 476 92 482 '
153 489 228 523 mames
243 474 328 523 domum
342 474 444 539 ablatum,
461 484 605 541 mortuumque
622 475 671 523 inde
688 472 797 538 miiteaei,
813 473 900 539 mpii

153 566 200 600 rem
211 553 348 618 exequirant
358 557 451 603 irmeem
464 564 508 619 per
515 552 604 619 consulet
611 552 746 618 superiorum
756 567 858 600 amorum
868 550 896 599 li·

90 661 96 671 .
143 625 221 694 eueffe.
256 629 315 677 Haec
327 627 429 678 Volscio
445 627 594 690 clamitante,
610 625 672 675 adeo
689 626 805 675 concitati
816 626 899 675 homi-

152 717 195 754 nes
206 703 269 768 sunt,
286 714 315 754 ut
329 706 394 756 haud
408 706 512 755 multum
532 703 647 767 abfuerit,
663 705 725 770 quin
740 704 834 769 impetu
851 719 897 771 po·

152 780 205 848 puli
216 780 287 831 Kaeso
298 782 416 832 interiret.
450 781 577 845 Virginius
587 781 662 847 arripi
678 779 750 843 jubet
760 780 897 843 hominem,

153 857 179 908 te
195 859 221 908 in
238 861 339 911 vincula
352 861 418 912 duci.
453 859 549 928 patricii
565 865 652 909 contri
662 860 690 908 vi
706 858 824 909 resistunt.
839 889 841 893 -
858 863 894 909 T.

46 949 49 953 ’
154 937 284 1002 Quiniiius
296 940 413 1004 clamitat,
431 941 470 989 Gm'
488 939 521 987 rei
536 937 632 1004 capitalis
648 937 693 987 dees
709 936 766 986 deiia
776 936 815 1002 fit,
832 937 859 988 θ
870 937 899 986 de

152 1029 191 1081 quo
205 1015 308 1080 futurum
317 1015 449 1082 propediem
461 1014 576 1079 judicium,
592 1017 641 1062 eum
656 1013 800 1063 indemnatum
818 1011 901 1062 emine

152 1093 215 1140 carui
225 1095 265 1141 nim
275 1092 349 1140 delere
359 1091 446 1141 uiolari.
481 1091 609 1139 Tribunus
613 1090 744 1157 fipplieinm
754 1098 828 1154 negat
833 1090 897 1156 sum·

149 1170 272 1236 ptmnmse
281 1169 307 1217 de
322 1170 458 1230 indemnmo;
468 1169 608 1233 seruatorem
627 1178 700 1220 tamen
713 1168 736 1218 in
751 1167 843 1217 vimentis
856 1165 900 1234 ff

152 1244 263 1311 'adjudicii
281 1244 346 1295 diem.
380 1255 411 1308 ret,
428 1247 464 1313 qui
472 1245 578 1296 bominem
592 1247 709 1310 necaverit,
726 1247 752 1296 de
768 1244 898 1313 eostepplitii

147 1323 245 1389 sumendi
262 1324 322 1389 copie
333 1323 410 1390 popule
420 1325 514 1374 Romam
519 1325 572 1388 fiat.
606 1323 730 1391 Appellati
741 1323 833 1373 tribuni
843 1337 898 1373 tne-

152 1395 195 1447 dio
206 1397 304 1448 decreto
319 1400 359 1462 jus
369 1399 456 1448 auxilii
462 1398 503 1450 l'ui
518 1396 653 1466 expediunt
663 1416 669 1448 ε
687 1400 713 1448 in
724 1398 824 1447 vincula
835 1413 897 1448 con·

150 1473 195 1539 jici
209 1484 311 1524 vetant:
328 1475 374 1524 suti
385 1491 463 1541 reum,
481 1477 666 1543 pecuniamque,
683 1473 726 1525 nili
737 1472 836 1539 nitatur,
848 1490 896 1542 po·

153 1553 213 1620 pulo
224 1553 344 1618 promitti,
362 1553 457 1621 placere
476 1554 648 1620 pronunciant.
665 1557 807 1602 -Summam
821 1568 896 1618 pecu·

152 1627 199 1678 niae
211 1622 326 1693 quantam
337 1645 434 1695 aequum
450 1626 508 1680 eil‘et
523 1629 641 1696 promitti,
659 1627 775 1677 veniebat
785 1629 811 1676 in
822 1627 897 1679 dubt-

152 1719 196 1755 um
206 1725 212 1755 :
230 1705 255 1757 id
266 1707 296 1758 ad
311 1708 421 1759 senarum
431 1709 549 1773 rejicitur.
583 1709 656 1770 Reus,
672 1704 731 1755 dum
740 1705 895 1758 consuleren-

151 1791 193 1834 tur
204 1785 293 1848 Patres,
309 1796 418 1836 retentus
432 1786 458 1834 in
470 1782 569 1850 publico
580 1781 623 1830 eit.
638 1781 714 1844 vader
724 1781 782 1832 dare
792 1783 895 1851 placuit.

152 1866 237 1910 unum'
249 1860 339 1912 vadem
357 1863 435 1913 tribus
455 1859 563 1910 millibus
579 1859 632 1908 aeris
649 1858 797 1924 obligarunt.
814 1871 900 1933 ,quot
952 1881 954 1886 >

152 1939 276 2004 darentur,
293 1941 432 2008 permissum
440 1939 546 1989 tribunis
558 1937 601 1987 est.
618 1936 704 1988 decem
715 1935 838 1988 finierunt.
856 1948 899 1990 tot

151 2017 258 2067 vadibus
273 2021 400 2069 accusator
413 2017 516 2070 vadatus
530 2016 562 2066 eit
575 2032 653 2067 reum.
687 2017 736 2068 llic
748 2018 839 2084 primus
849 2032 899 2066 vit-e

55 2117 57 2122 ’
152 2094 194 2145 des
211 2097 322 2163 publicos
338 2097 413 2149 dedit.
448 2097 555 2146 dimillus
573 2098 587 2143 ἐ
606 2095 663 2144 soro
687 2094 759 2144 noste
781 2094 899 2161 proximi

153 2172 180 2220 in
192 2171 287 2220 Tuscos
304 2174 330 2222 in
341 2174 451 2222 exsilium
462 2174 532 2221 abiit.
549 2170 640 2235 Judicii
651 2169 691 2218 die
702 2186 778 2236 quum
792 2171 895 2220 excusa-

152 2259 220 2299 retur
231 2247 310 2297 lolum
326 2249 424 2297 vertisse
440 2246 517 2296 exii-lii
529 2247 611 2310 causi,
627 2246 705 2294 nihilo
716 2247 798 2295 mimis
810 2249 895 2312 Virgi-

152 2325 195 2375 nio
207 2325 306 2374 comitia
317 2325 430 2386 habente,
448 2323 546 2384 collegae
563 2320 677 2387 appellati
689 2320 801 2370 dinusere
810 2326 897 2374 conci.

152 2398 226 2451 lium:
243 2400 373 2465 pecunia&
389 2409 459 2466 patre
477 2395 563 2448 exaua
574 2396 711 2458 crudeliter,
727 2407 764 2459 ut,
781 2397 897 2450 divendi-

150 2477 309 2528 tisomnibue
323 2477 408 2541 bonis,
424 2474 574 2544 aliquamdiu
592 2485 658 2526 trans
678 2475 799 2541 Tiberim,
816 2479 897 2532 veluti

56 2601 59 2604 Α
151 2555 280 2622 relegatus,
297 2557 373 2606 devio
382 2553 488 2621 quodam
499 2553 600 2618 tugurio
610 2555 717 2604 viveret.

185 2637 258 2684 XIV.
277 2635 332 2684 Hoc
344 2632 465 2698 judicium
481 2632 507 2682 ἃ
519 2631 672 2698 promulgata
686 2633 728 2682 lex
738 2632 848 2682 exercuit
860 2635 897 2686 ci.

152 2713 256 2763 vita't'ein
266 2715 280 2762 :'
289 2712 321 2762 ab
332 2712 438 2761 externis
454 2711 527 2760 armis
543 2711 623 2762 otium
632 2710 690 2760 suit.
716 2702 817 2774 ⁴Quum,
827 2712 898 2763 velut

152 2791 266 2855 nidores,
283 2791 384 2855 tribuni,
407 2788 519 2857 perculfis
539 2789 650 2838 Patribus
672 2788 781 2838 Kaesonie
801 2787 896 2853 exsilio,

152 2873 229 2936 prope
243 2870 360 2936 perlatam
372 2867 419 2917 effe
435 2861 561 2917 crederent
571 2870 658 2930 legem,
676 2866 709 2926 dt,
726 2863 795 2929 quod
809 2863 841 2912 ad
857 2864 894 2914 se·

149 2948 234 2996 niores
252 2950 350 2996 Patrum
368 2947 507 3014 pertineret,
525 2941 638 2993 eeffiffene
656 2940 795 3008 poiliffione
811 2942 895 3006 reipu-

92 3053 96 3081 ,·
152 3022 239 3086 blicaet
253 3020 375 3090 juniores,
386 3024 418 3075 id
434 3022 542 3078 maximi
563 3016 630 3088 quod
647 3014 757 3068 Kasonis
773 3013 894 3066 sodalium

834 3086 894 3156 tun,
