1964 3660
125 224 176 280 40⁸
377 213 412 262 τ.
446 213 469 258 n
486 211 502 258 r
517 212 543 255 v
558 209 603 256 ιι

124 301 230 368 plina&
241 300 351 360 Publilia,
368 296 464 346 addire.
499 295 566 346 Ludi
581 295 674 358 votivi,
690 311 754 363 quot
765 303 803 349 M.
817 303 867 352 Fu.

122 380 172 425 rius
188 373 292 422 diilator
308 379 422 434 voverat,
439 369 515 420 salli:
533 373 559 422 ἃ
575 371 608 422 de
618 373 713 424 ambitu
723 372 755 423 ab
768 377 797 422 C.
810 378 864 424 1²oe-

120 452 180 502 telio
197 449 297 498 tribtmo
315 447 401 514 plebis,
425 445 568 498 aulioribun
591 449 711 514 Patribtis,
736 459 790 501 tum
812 451 864 517 pri·

120 533 189 578 mum
199 524 230 574 ad
248 525 368 614 populum
386 526 464 576 latum
481 527 531 576 eli.
549 528 626 593 eique
642 528 771 592 rogatione
782 541 864 577 novo·

116 616 175 657 rum
187 603 296 652 maxime
313 605 445 655 hominum
455 604 632 680 ambitionem,
649 606 692 671 qui
708 594 828 658 nundinas
839 604 865 656 δι

117 681 283 734 conciliabula
293 683 363 735 obire
376 683 442 733 soliti
459 693 537 748 erant,
555 682 714 750 compressam
724 683 867 734 eredebant.

153 763 227 810 XVI.
245 761 319 812 Haud
331 765 399 829 aqui
408 761 464 813 laeta
475 762 588 812 Patribus
599 761 736 827 insequenti
747 778 865 828 anno,
835 765 865 812 C

119 831 228 904 Marcio,
246 845 293 891 cn.
306 841 404 892 Manlio
415 841 563 904 consulibus,
579 840 610 890 de
627 842 739 892 unciario
749 840 870 894 funerei

119 921 160 970 M.
173 919 267 984 Duilio,
284 923 316 969 L.
327 921 421 970 Maeuio
435 919 540 970 tribunis
549 919 626 986 plebis
640 920 739 984 rogatio
746 920 780 970 eli
788 920 867 988 perla-

118 1002 163 1048 ta:
182 999 207 1048 ἃ
218 999 285 1067 plebs
296 1000 422 1066 aliquanto
433 1013 488 1049 eam
499 998 612 1066 cupidius
620 997 698 1049 scivit
712 1000 867 1067 accepitque.

120 1073 162 1125 Ad
173 1075 237 1125 bella
249 1091 325 1141 nova,
343 1079 425 1142 priore
441 1091 507 1126 anno
520 1076 645 1139 destinata,
663 1074 751 1126 Falisci
767 1088 868 1142 quoque

119 1153 200 1204 hoslen
212 1155 303 1218 exorti,
321 1155 414 1221 duplici
433 1154 551 1202 erimine:
569 1152 635 1218 quod
646 1153 672 1203 ἃ
683 1145 740 1202 c'um
758 1152 868 1219 Tarqui·

119 1230 243 1282 nlenlibue
251 1230 369 1293 juventus
381 1246 468 1282 eorum
478 1229 646 1289 militaveram
663 1229 688 1280 ἃ
699 1244 750 1294 eos,
768 1231 812 1296 qui
820 1231 868 1280 Fa·

62 1340 66 1349 ,
118 1308 193 1359 lerios
204 1308 368 1375 perfugerant,
385 1325 463 1375 quum
473 1309 536 1359 male
548 1319 685 1375 pugnatum
696 1308 738 1371 esi,
755 1317 869 1375 repeten-

118 1387 186 1437 tibus
198 1389 325 1438 secialibus
334 1389 452 1436 Romanis
465 1401 515 1436 non
525 1385 689 1436 reddiderant.
716 1387 751 1436 Ea
763 1387 868 1453 provin·

118 1464 158 1514 eia
170 1467 216 1512 Cn.
229 1465 326 1513 Manlio
337 1463 456 1512 obvenit:
475 1464 584 1513 Marcius
596 1464 735 1514 exereitum
743 1463 770 1513 in
778 1476 866 1528 agrum

118 1539 297 1604 Privernatem,
314 1542 437 1605 integrum
454 1555 515 1608 paee
526 1540 670 1607 longinqui,
683 1539 801 1592 induxit:
818 1541 868 1590 mi·

117 1619 238 1685 litemque
252 1608 471 1687 pradi'implevit.
506 1618 546 1669 nd
563 1620 662 1684 copiam
678 1632 758 1670 terrun
772 1616 868 1668 addidit

120 1698 324 1760 nutnifieentiam,
341 1697 414 1761 quod,
437 1695 498 1746 nihil
516 1696 542 1746 in
561 1696 689 1762 publicum
709 1694 867 1760 secernendo,

119 1776 220 1840 augenti
232 1789 283 1825 rem
294 1777 418 1842 privatam
429 1774 502 1825 militi
514 1773 586 1822 savit.
622 1774 778 1825 Privernates
789 1789 867 1840 qutun

117 1863 176 1903 ante
188 1853 276 1902 moenia
289 1852 331 1903 sua
346 1852 427 1902 casinis
439 1853 582 1919 permunitis
595 1850 774 1913 consedissent·
789 1867 867 1902 voea-

72 1920 73 1927 ’
118 1930 151 1979 tis
167 1930 198 1978 ad
216 1932 363 1981 concionem
379 1932 507 1993 militibus,
528 1930 604 1994 Castra
621 1945 682 1993 nunc,
700 1930 790 1996 inquit,
807 1929 870 1978 vale

117 2007 215 2072 hqdium,
232 2008 342 2076 urbemque
350 2010 424 2077 prede
434 2009 467 2073 do,
478 2007 500 2073 ſs
512 2008 564 2057 nili
574 2007 711 2074 pollicemini,
728 2023 769 2056 vos
774 2007 870 2071 fortiter

115 2084 142 2135 in
159 2086 205 2134 acie
222 2098 310 2151 operam
328 2095 454 2148 naumuros,
472 2101 510 2134 nec
524 2085 598 2151 prada
613 2087 692 2153 magis,
708 2086 773 2152 quim
784 2095 883 2152 pragu,-

107 2171 206 2233 xparatos
226 2161 271 2227 effe.
306 2163 406 2227 signum
428 2161 555 2228 poscunt
548 2163 643 2226 ingenti
659 2162 782 2221 clamore:
799 2159 867 2210 celfi·

113 2252 165 2306 que
177 2237 202 2285 ἃ
213 2237 254 2304 spe
266 2240 331 2287 haud
339 2239 414 2289 dubit
424 2239 536 2290 seroces
529 2255 555 2290 m
564 2240 677 2308 proelitun
685 2237 791 2289 vadunt.
826 2238 868 2289 Ibi

116 2326 175 2367 ante
185 2315 252 2380 figna
264 2321 321 2367 Sex.
332 2319 440 2382 Tullius,
457 2317 546 2386 dequo
555 2316 711 2370 medimna
721 2316 763 2383 eli,
781 2317 867 2367 excla-

114 2405 181 2446 mat:
208 2395 300 2462 Aspice,
311 2399 437 2464 imperator,
462 2398 551 2462 inquit,
568 2395 742 2464 quemadmodum
761 2397 868 2445 ererum

114 2482 165 2526 tuus
181 2471 220 2523 till
236 2474 336 2542 promiffa
351 2474 453 2542 prestet:
472 2476 572 2543 piloque
585 2474 672 2542 posito,
690 2471 771 2523 strido
782 2471 867 2538 gladio

115 2554 144 2605 in
155 2553 248 2604 hostem
258 2555 381 2624 impetum
395 2554 466 2605 facit.
501 2559 642 2621 sequuntur
658 2553 773 2604 Tullitun
779 2551 866 2602 antei·

115 2632 192 2696 gnani
210 2646 304 2697 omnes,
322 2630 452 2700 primoque
467 2631 563 2703 impetu
575 2642 688 2683 avertere
698 2631 810 2705 bolieme
827 2630 867 2682 su·
909 2682 914 2687 .

114 2707 171 2760 ium
180 2709 238 2761 inde
245 2709 277 2760 ad
289 2711 410 2779 oppidum
421 2711 550 2779 persecuti,
570 2724 649 2777 quum
660 2711 712 2776 jam
725 2710 800 2760 soalon
807 2723 868 2760 ma·

115 2788 189 2840 nibus
204 2789 377 2854 admoverem,
394 2782 422 2840 ln
438 2790 589 2841 deditionem
606 2790 695 2842 urbem
712 2783 868 2858 acceperunt.

114 2868 256 2936 triumphus
267 2867 297 2918 de
313 2870 498 2920 Privematibua
512 2868 589 2929 ailus.
625 2860 667 2918 Ab
678 2868 757 2918 altero
768 2865 872 2918 consule

114 2943 178 2994 nihil
192 2944 353 2995 memorabile
367 2945 477 3012 gestum:
495 2943 539 2994 nisi
557 2943 625 3010 qubd
637 2944 726 3010 legem,
744 2957 815 2994 novo
827 2954 871 2995 ex·

110 3021 247 3111 turpio-ad
264 3022 373 3077 sonim
388 3024 417 3078 in
433 3020 870 3083 &otelhaim-down*
