1964 3660
362 174 533 260 tinnit
562 185 605 238 tr:
813 174 874 246 tir

113 278 234 332 rorabat.
266 290 312 328 nec
322 277 371 327 ulli
387 279 415 328 vi
426 277 522 328 domati
529 285 641 345 poterat.
673 283 863 325 tantumtem-

114 371 173 408 men
194 355 282 406 animis
301 355 458 405 imbiberant
493 355 611 420 segniter,
628 352 715 417 otiose,
733 347 864 420 negligen-

115 442 160 496 ter,
178 432 357 482 contumaciter
369 432 453 480 omnia
466 445 548 495 agere.
581 444 628 478 nec
643 428 796 496 pudor,.nec
807 442 863 476 me-

116 517 156 557 tus
166 509 302 559 coercebat.
338 508 368 556 si.
380 507 451 556 citius
465 509 506 571 agi
520 507 595 556 veliet
606 521 703 570 agmen,
720 505 813 554 tardius
824 504 867 553 se-

116 584 175 634 dulo
185 585 314 635 incedere:
333 583 351 634 st
361 584 506 635 adhortator
515 583 596 652 operis
607 581 704 645 adesset,
722 597 807 631 omnes
818 579 864 630 sui

115 659 205 728 sponte
220 672 315 710 motam
332 661 456 710 remittere
473 660 622 711 industriam.
656 656 767 725 presenti
778 657 868 706 vultus

117 735 255 800 demittere,
273 737 345 786 tacite
365 745 551 802 prater-euntem
563 735 699 786 exsecrati:
716 743 745 785 ut
756 731 878 784 invitine

116 811 158 863 itte
169 813 229 864 odio
245 814 344 881 plebeio
352 814 448 864 animus
465 813 589 862 interdum
598 822 751 863 moveretur.
787 810 865 860 omni

117 890 285 956 nequicquam
296 890 429 939 acerbitate
440 891 563 958 prompti,
575 889 637 938 nihii
645 889 697 952 jam
709 904 765 938 curn
776 887 865 937 militi-

118 968 166 1018 bus
178 983 267 1032 agere:
283 964 308 1016 i·
315 968 499 1019 centurionibus
516 977 660 1033 corruptum
678 956 814 1015 exercitum
824 962 866 1012 uta

118 1058 173 1094 cere
183 1063 189 1093 ε
207 1043 299 1094 othonos
306 1041 376 1108 plebei
385 1044 502 1096 cavillans
521 1040 646 1095 interdum
657 1043 682 1095 St
692 1042 803 1091 Volerones
814 1054 866 1090 vo·

152 1200 223 1246 LIX.
242 1195 312 1246 Nihii
327 1209 413 1246 eorum
430 1194 675 1261 vuscivnesctebanr,
695 1194 868 1259 instabantque

119 1275 150 1322 eo
166 1274 255 1337 magis,
271 1271 401 1339 sperantes,
412 1273 476 1322 idem
488 1284 610 1324 certamen
624 1273 765 1322 animorum
775 1269 870 1321 adver-

119 1350 159 1401 sus
179 1350 289 1415 Appium
312 1349 453 1398 habiturum
469 1350 606 1400 exercitum
626 1354 778 1411 Romanum,
795 1345 866 1413 quod

118 1423 234 1475 adversus
246 1425 350 1475 Fabium
367 1424 492 1476 consulem
507 1425 636 1478 habuiffet.
670 1429 786 1476 Ceterum
799 1423 872 1474 mul·-

120 1507 148 1552 to
160 1504 252 1570 Appio,
263 1507 337 1568 quam
349 1504 434 1567 Fabio,
447 1505 581 1554 violentior
591 1503 647 1553 suit.
658 1507 716 1554 Non
728 1504 795 1552 enim
807 1503 866 1552 vin-

120 1595 176 1631 cere
193 1584 290 1628 tantum
309 1580 397 1643 noluit,
418 1589 447 1628 ut
463 1581 584 1629 Fabianus
595 1582 726 1643 exercitus,
743 1577 784 1629 sed
795 1578 867 1628 vinci

119 1658 211 1708 voluit.
246 1655 380 1707 Produiius
395 1657 422 1705 in
440 1658 519 1706 aciem
538 1656 680 1724 turpissrga
699 1657 762 1724 petit
771 1656 866 1717 castra;

119 1750 165 1786 nec
176 1737 232 1784 ante
242 1735 336 1798 restitit,
354 1739 427 1800 quarn
438 1734 504 1798 signa
523 1734 665 1784 inserentem
680 1734 798 1784 Volscum
808 1750 869 1784 mu-

119 1810 236 1859 nimentis
259 1809 324 1857 vidit
349 1808 488 1872 fredamque
509 1811 621 1859 extremi·
636 1809 741 1873 agminis
763 1809 868 1858 caedcm.

121 1891 192 1942 Tum
202 1883 313 1952 expressa
324 1884 405 1933 visad
417 1885 584 1949 pugnandum,
595 1895 624 1933 ut
634 1883 715 1934 viiior
724 1886 775 1947 jam
786 1891 801 1935 ὲ
812 1886 873 1935 vai--

120 1964 146 2015 io
165 1963 355 2012 submoveretur
374 1961 464 2008 hostis:
482 1960 538 2010 satis
557 1972 640 2010 tamen
657 1971 793 2026 appareret,
810 1962 873 2029 capi

119 2045 218 2092 tantum
237 2037 314 2086 casita
330 2036 441 2085 militem
451 2039 592 2087 Romanum
608 2035 719 2086 notuisse.
753 2037 794 2087 alii
805 2053 869 2102 gau·

119 2120 178 2171 dere
188 2117 231 2166 sui
250 2114 318 2164 clade
336 2124 411 2179 atque
426 2114 569 2178 ignominia.
604 2114 702 2179 Quibus
717 2115 779 2165 nihil
789 2116 869 2166 infra-

121 2194 172 2248 ttus
183 2196 256 2245 ferox
269 2193 345 2260 Appii
356 2192 460 2256 animus,
477 2207 554 2258 quum
565 2191 663 2260 insuper
677 2191 763 2243 saevire
781 2194 868 2256 veliet,

122 2276 317 2338 contionemque
333 2265 474 2334 advocaret,
489 2283 642 2322 concurrunt
660 2273 690 2322 ad
713 2287 769 2323 eum
790 2275 872 2340 legati¹

122 2351 271 2416 tribunique,
288 2361 422 2413 monentes,
439 2365 470 2397 ne
480 2351 565 2415 utique
576 2351 769 2418 experirivesset
786 2353 867 2420 impe-

122 2429 197 2490 rium,
214 2427 331 2490 cujusvis
346 2428 425 2493 omnis
444 2428 470 2476 in
489 2425 607 2477 consensu
619 2429 786 2480 obedientium
798 2431 875 2479 esser,

124 2507 223 2568 Negare
232 2504 308 2566 vulgo
318 2504 415 2568 milites,
425 2502 449 2552 sc
461 2504 648 2555 ad'concionem
658 2506 751 2566 ituros;
768 2507 867 2573 paflim-

123 2597 171 2648 que
181 2579 292 2630 exaudiri
304 2595 379 2629 voces
391 2580 572 2646 postulantium,
589 2594 617 2630 ut
633 2583 706 2631 casira
726 2597 760 2631 ex
772 2581 880 2631 Volsco·

123 2674 185 2725 agro
197 2666 352 2706 moveantur.
379 2658 484 2706 Hostemv
497 2657 616 2708 vieiorem
631 2659 712 2724 paulib
723 2660 779 2707 ante
789 2660 869 2723 prope

122 2735 150 2785 in
162 2735 238 2801 portis
250 2732 355 2782 aovallo
368 2731 450 2795 fuiffe5
467 2733 620 2800 ingentisque
630 2736 688 2784 mali
700 2751 751 2784 non
766 2733 868 2800 suspici-

122 2827 197 2861 onem
208 2809 291 2871 modo,
304 2808 344 2859 sed
356 2823 465 2876 apertam
481 2812 586 2878 speciem
599 2809 729 2860 obversari·
737 2820 794 2858 ante
805 2826 867 2859 ocu·

122 2889 172 2938 ios.
205 2888 289 2936 Viiius
301 2888 406 2952 tandem,
416 2888 623 2955 (quandoquidem
635 2889 694 2936 nibil
707 2900 793 2954 prater
804 2899 867 2939 tcm-

123 2980 170 3037 pus
181 2979 253 3019 nom
268 2962 427 3033 lucrarentur)
445 2964 543 3016 remissa
554 2965 682 3033 concione,
698 2967 752 3018 iter‘
761 2967 786 3017 in
804 2956 870 3015 insc'-

459 3043 480 3094 F
495 3047 520 3092 a,
789 3058 878 3111 queo*
