1964 3660
322 239 349 295 'n
366 242 415 294 tu
433 245 454 294 n
472 247 496 296 tc
525 245 598 310 vu„
790 257 840 311 4⁶7

85 332 151 386 '⁵sex.
170 334 283 385 Tullium
302 337 403 386 nomine
422 336 550 402 increpans
567 333 742 401 rogitansque:
761 328 843 388 Siccine

91 421 223 479 pugnaturos
234 412 312 460 milites
326 411 490 479 spopondiffst?
507 411 541 460 uli
559 410 590 459 illi
608 411 708 460 clariores
722 411 766 477 fint
779 428 843 463 ormo

92 491 242 555 poscentium?
258 490 293 539 uli
310 493 371 539 mirre
381 489 462 556 iujuffir
473 489 610 554 imperatoris
619 488 719 553 prolium
730 491 842 540 inituros?

84 581 121 613 fen
132 567 200 631 ipstem
211 567 362 632 imperatorem
370 567 437 614 ‘clara‘
452 581 506 614 voce
516 581 596 614 meare
607 565 635 613 od
648 566 755 630 prolium,
772 566 799 617 ἐν
811 568 844 617 ire

92 653 202 692 armatum
216 653 267 693 unte
274 646 346 710 prima
352 643 425 709 figm.
443 644 511 708 ecquis
516 644 640 708 sequeretur
651 657 730 705 eorum,
737 643 772 709 qui
783 645 843 694 modo

93 718 176 768 dullmrr'
187 720 289 784 fuerint;
304 721 329 768 irr
345 720 419 782 castris
434 719 529 783 feroces,
540 720 568 767 'in
580 719 626 766 acie
635 719 742 784 pavis?
776 725 843 770 Vera

94 796 235 846 audiebant.
254 801 337 862 itaque
353 807 435 846 tantos
453 797 533 862 pudor
546 795 796 860 -slimulosadmovit',
813 808 843 847 ut

93 884 192 922 ruerent
204 875 230 923 in
248 877 354 925 hostium
371 874 426 937 tela,
444 874 555 922 alienatis
572 877 586 922 ὲ
602 874 724 922 memoria
740 875 842 940 periculi

90 951 188 1000 animis.
218 954 272 1002 Hie
291 954 373 1019 primb
390 952 495 1018 impetus
515 953 591 1017 prope
611 965 699 1000 vecors
728 952 842 1001 turbavit

93 1027 188 1078 hostes:
206 1046 279 1096 eques
298 1029 386 1080 deinde
406 1029 502 1078 emissus
522 1029 633 1078 turbatos
650 1029 751 1078 avertit.
787 1029 842 1096 Ipse

93 1104 207 1169 disiaton
224 1107 350 1173 postquam
363 1106 487 1155 labantem
498 1106 547 1154 uni
555 1114 627 1170 parte
639 1104 704 1153 vidit
716 1105 801 1169 aciem,
811 1106 840 1156 t-

94 1197 141 1246 gna
153 1185 179 1231 in
190 1185 281 1234 laeuum
291 1200 368 1234 cornu
380 1184 484 1246 consert,
497 1186 546 1246 qub
558 1182 654 1231 turbam
664 1183 769 1233 hosium
778 1199 841 1234 con·

93 1255 191 1322 gregati
197 1260 311 1308 cernebat
318 1261 445 1325 ;&iis‚qui
454 1261 478 1308 in
487 1269 572 1309 monte
581 1270 658 1322 erant,
667 1257 841 1326 signum,quod

92 1349 252 1400 convenerat,
270 1338 346 1403 dedit.
363 1339 411 1388 Ubi
424 1338 481 1387 inde
495 1353 595 1406 quoquc
606 1352 687 1388 novus
697 1339 789 1388 clamor
798 1355 854 1390 or·‘

10 1430 11 1433 ¹
44 1414 53 1426 '
88 1422 140 1476 -tus,
158 1415 289 1465 &tendere
301 1418 403 1483 obliquo
415 1428 500 1466 monte
518 1415 548 1464 ad
560 1415 635 1465 casira
653 1417 782 1466 Gallorum
794 1417 853 1476 viti¹

93 1489 148 1540 sunt
157 1511 164 1552 3
182 1503 235 1542 tum
246 1505 323 1560 metu,
343 1512 374 1545 ne
382 1495 579 1558 excluderentur,
597 1493 683 1545 omissa
697 1511 780 1562 pugna
795 1497 839 1562 est,

91 1571 211 1636 cursuque
223 1572 300 1623 effuso
311 1574 342 1623 ad
354 1575 429 1623 casira
440 1573 590 1623 serebantur.
608 1572 652 1621 ubi
664 1589 740 1637 quum
752 1589 851 1626 occut·.

90 1648 157 1698 risset
171 1652 204 1700 eis
222 1656 260 1700 M.
274 1653 394 1714 Valerius,
411 1651 524 1713 magister
532 1651 656 1713 equiturn,
674 1651 735 1713 (qui,
751 1653 839 1716 profli-

90 1737 150 1790 gato
167 1726 256 1778 dextro
268 1745 355 1791 cornu,
373 1726 534 1791 obequitabat
551 1724 656 1774 hollium
665 1727 839 1793 munimentis)

91 1805 123 1854 ad
134 1816 231 1854 montes
247 1802 366 1870 silvasque
383 1814 484 1854 vertunt
495 1803 579 1867 sugam
591 1820 597 1851 :
617 1803 765 1869 plurimique
776 1806 812 1854 ibi
823 1810 839 1856 a

90 1879 171 1928 fallaci
183 1882 294 1945 equitum
312 1880 390 1946 speeie
407 1878 602 1944 agasonibusque
613 1880 712 1945 excepti
724 1878 793 1929 sunt:
812 1881 839 1931 δε

91 1971 186 2019 eorum,
203 1973 264 2022 quos
285 1973 365 2024 pavor
384 1955 517 2023 pertulerat
536 1955 562 2004 in
580 1954 659 2019 silvas,
676 1966 750 2006 atrox
762 1957 838 2009 oaedee
928 1975 930 1978 ·

90 2034 143 2099 post
154 2033 263 2084 sedatum
276 2035 388 2101 proelium
399 2035 456 2083 suit.
475 2036 528 2095 Nec
540 2032 601 2082 alius
612 2031 665 2098 post
677 2036 715 2082 Μ.
726 2035 837 2101 Furium,

91 2115 165 2175 quim
183 2115 212 2160 C.
231 2113 358 2180 Sulpicius,
383 2111 510 2176 justiorem
526 2109 562 2166 tle⁴
575 2107 653 2159 Gallis
671 2110 722 2174 egit
747 2113 836 2161 trium-

89 2189 176 2254 phum.
194 2192 247 2240 auri
264 2205 366 2257 quoque
377 2204 410 2242 ex
428 2189 529 2240 Gallicis
549 2187 632 2255 spoliis
644 2187 700 2238 satis
717 2205 837 2254 magnum

91 2266 196 2333 pondus,
214 2269 274 2320 saxo
286 2269 405 2336 quadrato
417 2267 522 2335 septum,
539 2268 565 2317 in
576 2267 704 2335 Capitolio
719 2267 835 2320 sacravit.

89 2344 185 2396 Eodem
201 2363 267 2401 antio
283 2349 308 2398 ἃ
326 2354 341 2398 ὲ
358 2346 498 2398 consulibus
510 2347 583 2396 vario
599 2357 692 2407 eventu
708 2347 835 2398 bellatum.
843 2342 850 2412 ’μ

53 2447 55 2450 >
88 2439 148 2472 nam
160 2427 259 2475 Hernici
271 2432 286 2476 a
298 2430 327 2476 C.
340 2426 437 2475 Plautio
449 2423 541 2486 devini,
553 2423 694 2490 subactique
704 2425 769 2475 sunt.
789 2428 836 2475 Fa-

88 2501 144 2550 bius
163 2501 258 2564 collega
275 2502 329 2566 ejus
352 2502 451 2550 incaute
469 2511 543 2565 atque
559 2501 699 2550 inconsulte
718 2501 852 2559 aduersus¹

89 2579 280 2645 Tarquinienses
291 2580 429 2647 pugnavit:
447 2593 493 2637 nec
504 2572 594 2627 israele
606 2588 702 2628 tantum
714 2579 748 2628 ibi
761 2580 836 2646 cladis
848 2634 851 2643 ,

88 2666 227 2722 acceptum,
243 2660 317 2722 quim
328 2655 394 2721 quod
406 2665 527 2705 trecentos
538 2653 630 2722 septem
641 2655 731 2706 milites
743 2658 835 2706 Roma·
845 2692 850 2719 3

86 2748 134 2783 ¹nos
151 2743 236 2799 captos
256 2734 446 2799 Tarquinienses
463 2729 631 2797 immollrunt.
658 2733 707 2799 qud
726 2732 836 2784 soeditate

86 2810 204 2876 'supplicii
215 2812 340 2877 aliquanto
350 2810 489 2876 ignominia
500 2810 586 2876 populi
598 2811 705 2861 Romani
716 2809 835 2875 insigniti·
847 2856 850 2867 ,

24 2914 36 2930 ·
88 2888 186 2938 orsuit.
222 2888 326 2940 Accessit
344 2889 375 2939 ad
386 2903 441 2938 eam
458 2887 552 2937 cladem
568 2889 594 2940 ἃ
611 2887 850 2942 vallatioRomani'

88 2966 150 3030 agri,
168 2981 242 3034 quam
261 2968 425 3032 Privernates,
444 2965 565 3017 Veliterni
584 2965 679 3031 deinde,
697 2967 835 3018 incursione

83 3045 215 3116 repentine
230 3044 361 3105 letemus,
382 3045 479 3106 &deut
492 3061 564 3106 aune
573 3045 645 3106 dua.
655 3045 742 3116 tribus,
759 3049 837 3184 {pipp
