1964 3660
187 181 236 230 tte
448 166 673 227 '12less

184 248 371 329 adempturum
388 257 428 308 sed
440 263 566 312 consilium
577 267 672 316 viribus
680 266 827 319 additurum.
846 271 871 323 ἀ
883 273 928 324 Pa.

185 345 234 386 tter
244 336 270 383 in
282 335 376 403 populi,
394 337 419 387 ἃ
430 338 554 388 consulem
565 341 591 390 in
602 345 702 392 Parrum
717 344 770 394 fore
784 350 910 413 potestate.

188 440 190 444 ι
217 415 302 477 Lvss.
316 416 388 478 AEgre
397 413 480 464 sedata
490 417 521 464 ab
535 417 651 481 Quinilio
663 421 739 487 plebs,
749 425 828 473 multo
840 428 929 490 aegrius
968 445 972 450 ’

184 489 269 540 consul
279 490 365 541 altera
376 493 496 544 Patribus.
528 496 638 544 Demill‘o
648 498 746 548 tandem
758 502 864 551 concilio
875 504 928 568 ple·

112 620 113 624 ,
184 561 230 631 bis,
246 567 355 618 senatum
373 570 481 620 consules
493 572 592 621 habent.
625 574 670 622 tibi
683 591 759 640 quum
770 578 846 628 timor
853 591 928 645 atque

182 644 220 693 ira
236 644 262 694 in
271 645 352 695 vicem
362 645 500 704 sententias,
511 647 641 700 variassent
652 669 659 710 ς
677 656 727 716 quo
738 655 823 717 magis,
846 654 931 721 spatio

183 723 333 790 interposito,
350 725 382 773 ab
399 726 494 792 impetu
512 725 544 774 ad
565 725 752 777 consultandum
768 731 926 783 advocaban-

182 807 230 862 tur,
247 803 278 848 ed
288 801 341 868 plus
358 801 524 869 abhorrebant
534 807 549 851 a
560 804 694 854 certatione
705 807 790 853 animi.
824 807 886 857 adeo
897 816 927 860 ut

141 884 147 895 '
182 877 301 941 Quinllio
313 879 401 942 gratias
412 889 520 943 agerent,
527 879 593 944 quod
602 881 654 943 ejus
665 882 740 947 opera
752 883 864 947 mitigala
875 884 925 934 dis·

181 955 265 1005 cordia
276 954 342 1005 effer.
364 953 366 957 ’
379 956 417 1007 Ab
430 955 513 1025 Appio
524 957 623 1023 petitur,
657 958 690 1006 Ur
699 966 783 1006 tantam
796 962 926 1027 confiderem

179 1031 313 1096 majestatem
329 1031 367 1099 effe
377 1033 452 1095 vellet,
467 1042 546 1098 quanta
562 1032 600 1101 effe
610 1033 634 1082 iri
642 1035 737 1083 concordi
747 1037 840 1087 ciuitate
847 1038 923 1105 poffcl.

179 1110 244 1157 Dum
258 1110 336 1160 tribuni
355 1111 481 1176 consulesque
497 1110 561 1175 adse
574 1111 655 1179 qtu'sque
673 1112 744 1160 omnia
758 1114 853 1178 trallunt,
870 1116 926 1166 nibil

177 1187 275 1235 retinam
286 1189 324 1253 ψ
334 1189 417 1236 virium
428 1189 450 1236 in
462 1187 545 1236 medio:
561 1186 683 1255 distrufiam
699 1190 854 1257 laceratumque
863 1209 923 1241 rem-

175 1263 285 1332 publicam
301 1266 378 1331 magis,
397 1278 484 1331 quorum
495 1265 517 1313 in
528 1282 592 1313 manu
600 1265 639 1329 stt,
659 1268 724 1333 quim
736 1276 759 1317 ut
769 1271 877 1318 incolumis
881 1270 923 1336 fit,

177 1344 248 1408 queri.
267 1343 361 1410 Appius
370 1342 542 1406 contra,testari
554 1345 613 1392 Deus
621 1353 683 1411 atque
692 1344 793 1409 homines,
804 1347 922 1415 rempubli-

177 1435 225 1469 cam
232 1421 296 1486 prodi
307 1431 350 1487 per
368 1427 448 1468 metum
467 1435 492 1467 ac
504 1419 579 1485 deseri.
601 1426 653 1470 'non
663 1423 764 1487 confidem
775 1425 869 1488 senatui,
880 1423 925 1490 sed

171 1497 271 1560 finarum
282 1495 359 1561 confidi
375 1493 446 1560 deeffi‘.
465 1495 583 1561 graviores
599 1496 666 1561 accipi
683 1496 747 1563 leges,
763 1500 828 1562 quim
845 1504 867 1546 in
878 1501 919 1547 Sa-

176 1589 211 1629 rro
223 1581 292 1622 monte
302 1582 389 1639 accepta
399 1572 453 1636 fiat.
488 1570 573 1621 Vilius
587 1584 668 1623 tamen
687 1575 788 1624 Patrum
802 1575 920 1627 consensu

177 1648 281 1718 quievit.
299 1639 341 1700 lex
353 1650 447 1700 silentio
460 1648 589 1715 perfertur.
732 1656 735 1661 ⁴

208 1732 306 1778 LVIII.
325 1720 393 1779 Tum
406 1728 513 1796 primum
526 1726 624 1777 tributis
635 1727 742 1778 comitiis
753 1730 827 1778 creati
839 1730 917 1780 tribu-

176 1807 201 1856 ni
216 1805 286 1855 sunt:
303 1821 407 1855 numero
427 1806 501 1853 etiam
518 1804 614 1854 additos
631 1814 687 1867 tter,
704 1806 804 1871 perinde
822 1822 851 1855 ac
865 1806 917 1858 duo

174 1896 246 1934 antea
257 1883 356 1947 fuerint,
375 1881 430 1932 Piso
442 1880 526 1932 audior
539 1882 580 1931 eli.
599 1883 719 1932 Nominat
729 1897 826 1948 quoque
838 1884 917 1934 tribu-

174 1979 228 2026 nos,
247 1967 276 2012 C.
290 1963 415 2023 Sicinium,
433 1963 465 2010 L.
483 1961 664 2022 Numitorium,
682 1962 720 2009 M.
736 1961 855 2022 Duilium,
873 1967 915 2028 Sp.

173 2042 280 2104 Icilium,
297 2044 328 2089 L.
347 2038 490 2089 Marcilium.
525 2036 643 2086 Volscum
655 2037 835 2102 AEquicumque
852 2039 918 2088 inter

173 2116 318 2167 seditionem
332 2120 470 2165 Romanam
490 2114 522 2161 est
539 2113 630 2162 bellum
646 2124 769 2161 coortum.
804 2113 915 2163 vastave-

173 2203 228 2241 rant
239 2207 318 2255 agros,
335 2201 371 2254 ut,
388 2189 464 2254 siqua
478 2189 574 2236 secessio
586 2184 661 2252 plebis
673 2187 750 2251 fieret,
767 2189 799 2236 ad
813 2188 836 2237 se
847 2205 915 2239 rece-

173 2277 244 2334 ptum
255 2266 363 2315 haberet.
398 2264 538 2328 compositis
552 2262 638 2309 deinde
657 2264 738 2323 rebus,
755 2263 829 2310 castra
848 2270 916 2315 retro

172 2357 284 2393 movere.
321 2345 370 2407 Ap.
385 2341 500 2389 Claudius
518 2340 544 2388 in
556 2337 659 2386 Volscos
670 2337 760 2386 millus.
797 2340 916 2400 Qtrindlio
953 2368 958 2373 ·

172 2419 248 2485 AEqui
262 2418 391 2484 provincia
402 2415 495 2464 evenit.
517 2414 609 2463 Eadem
620 2415 645 2463 in
657 2415 744 2465 militia
754 2410 848 2464 saevitia
860 2421 913 2482 Ap.

172 2498 217 2567 pii,
237 2512 291 2562 quae
312 2496 380 2545 domi
388 2513 395 2556 3
421 2494 467 2543 elle
490 2493 599 2556 liberior,
617 2492 683 2558 quod
706 2491 754 2541 sine
774 2493 913 2547 tribuniciis
969 2521 972 2526 ’

171 2575 278 2625 vinculis
290 2583 350 2622 erat.
369 2572 450 2622 Odille
462 2571 560 2638 plebem
568 2559 627 2637 plus'
637 2575 709 2634 quam
721 2581 822 2636 paterno
835 2572 909 2623 odio:

171 2653 197 2703 se
208 2651 301 2702 vidium
312 2650 343 2700 ab
355 2666 396 2699 ea:
409 2648 433 2699 se
444 2651 518 2698 unico
529 2647 627 2699 consule
637 2639 734 2711 'objeno
745 2648 860 2698 adversus
872 2652 916 2701 tri·

171 2732 297 2784 buniciam
309 2728 460 2796 potestatem,
477 2727 594 2794 perlatam
608 2727 688 2790 legem
699 2724 760 2786 esle;
777 2743 850 2791 quarn
864 2729 911 2778 mi-

171 2825 232 2861 note
252 2818 349 2871 conatu,
374 2819 529 2870 nequaquam
548 2804 614 2852 tanti
631 2807 731 2852 l'atrum
749 2801 798 2869 spe,
819 2807 912 2871 priores

171 2887 328 2954 impedierint
339 2883 455 2934 consules.
490 2885 548 2930 Haec
559 2883 595 2931 ira
608 2881 792 2945 indignatioque
802 2881 910 2934 ferocem

170 2965 282 3017 animum
304 2963 336 3014 ad
357 2959 501 3014 vexandum
517 2957 583 3015 laevo
603 2958 706 3028 imperio
724 2959 859 3010 exercitum
870 2959 910 3008 lli-

829 3034 908 3085 mula-
