1964 3660
115 243 165 291 24⁰
376 225 413 277 T.
447 227 604 277 Ltvtt

115 317 188 368 tutari
199 316 315 384 potestate
326 332 411 368 omnes
422 318 519 383 patricii
536 318 612 366 creati
623 316 686 382 sunt,
705 320 736 368 L.
748 319 859 370 Pinaria

115 394 290 458 Mamercinus,
307 397 338 443 L
351 395 437 443 Furius
449 393 598 444 Medullinus
599 400 656 461 ,Sp
669 397 806 447 Postumius
816 397 860 446 nl-

114 473 170 523 but.
204 473 242 520 Eo
257 487 323 520 anno
334 472 372 520 vis
383 471 465 520 morbi
476 471 566 535 levata,
583 488 663 538 neque
673 475 798 540 apenuria
807 473 859 521 sru-

114 547 202 610 menti,
219 548 340 613 quiaante
353 546 482 614 provisum
493 558 553 611 erat,
572 551 707 615 periculum
717 549 773 598 suit.
792 554 860 599 Cou-

112 624 167 677 titia
174 624 205 674 ad
214 625 338 674 movenda
345 624 408 674 bella
416 626 441 674 in
449 625 597 675 Volscorum
607 629 790 693 AEquommquc
799 643 860 676 con-

112 703 187 767 ciliis,
205 705 230 752 &
241 704 268 753 in
282 704 379 753 Etruria
387 703 418 752 ad
426 702 512 752 fanum
521 705 671 767 Voltumnae,
683 705 784 768 agitata.
799 722 804 729 ·
820 705 860 753 Ibi

113 782 218 848 prolatae
236 783 263 830 in
282 797 373 830 annum
387 797 432 845 res,
449 781 597 846 decretoque
618 793 727 845 cautum,
744 781 859 846 nequod

115 864 174 909 ante
193 860 326 909 concilium
349 858 431 917 fieret;
456 860 619 924 nequicquam
639 859 743 922 Vejentc
765 860 861 925 populo

56 976 59 981 .
114 948 242 1003 querente,
260 936 370 999 eandem,
387 935 436 999 qui
452 935 549 985 Fidenae
565 935 650 985 deletae
661 935 713 997 sint,
731 935 860 1001 imminere

116 1015 188 1078 Vejic
199 1015 333 1064 fortunam.
368 1013 469 1062 Interim
479 1016 566 1062 Romae
577 1012 697 1079 principes
707 1012 791 1078 plebis,
806 1012 858 1074 jam

116 1090 161 1140 diu
172 1093 335 1156 nequicquam
346 1090 500 1138 imminentes
511 1087 562 1154 spei
570 1089 671 1152 majoris
679 1089 788 1151 honoris,
800 1088 859 1138 dum

114 1167 177 1217 soris
186 1169 265 1218 otium
278 1166 344 1228 esset,
360 1176 434 1215 coetus
450 1165 557 1213 indicere
569 1165 594 1214 in
606 1165 860 1233 domosntribunorum

114 1245 207 1312 plebei.
225 1243 260 1294 ibi
272 1243 361 1292 secreta
372 1241 585 1306 consiliaagitare:
603 1243 679 1309 queri,
691 1246 718 1309 se
728 1245 743 1291 a*
752 1245 813 1309 plebe
821 1243 860 1290 ad-

111 1323 140 1370 'el
144 1322 238 1385 spretos,
255 1328 286 1383 ut,
303 1332 365 1384 quum
381 1329 423 1382 per
432 1327 464 1366 tot
482 1333 546 1366 annos
556 1317 636 1366 tribuni
645 1321 739 1368 militum
757 1320 862 1386 consolari

113 1395 218 1464 potestate
228 1403 331 1458 creentur,
348 1393 399 1442 nolli
416 1398 507 1459 mptum
514 1392 595 1460 plebeio
611 1395 641 1442 ad
654 1411 701 1442 eum
712 1395 809 1444 bonorem
821 1397 862 1444 ad·

112 1471 159 1523 itus
164 1473 247 1537 fuerit.
270 1471 360 1520 multum
368 1470 540 1537 providfffhos
551 1471 648 1538 majores,
665 1473 700 1536 qui
710 1474 817 1534 caverint,
835 1488 862 1522 ne

112 1551 151 1600 eui
159 1551 252 1615 patricio
260 1546 337 1614 plebeii
350 1545 607 1614 magestratospoteren15
624 1548 662 1596 aut
670 1550 774 1612 patricios
785 1548 861 1598 haben-

114 1626 223 1695 dotfto'ffe
230 1624 323 1676 tribunos
330 1624 408 1695 plebei.
425 1626 556 1693 odedfesuit
565 1626 731 1693 etiamfotdem,
747 1642 784 1674 nce
792 1629 808 1674 d
813 1628 861 1693 ple·

111 1703 229 1767 leminis,
246 1706 310 1772 qudo
325 1708 342 1754 d
360 1704 462 1769 Patribus
477 1704 588 1756 contemni.
624 1703 674 1753 Alii
692 1718 796 1769 purgare
806 1706 858 1772 ple·

115 1781 183 1842 bem,
194 1782 292 1849 culpam
304 1781 329 1831 in
341 1783 423 1830 Patres
434 1792 546 1830 vertere:
564 1797 636 1841 eorum
646 1779 758 1829 ambitione
768 1779 859 1846 ortibus-

115 1873 155 1927 qoe
160 1859 221 1924 fieri,
238 1867 262 1908 ot
270 1857 375 1925 obseptum
382 1856 439 1924 plebi
446 1857 476 1923 fit
492 1858 521 1907 ad
528 1857 624 1907 bonorem
632 1859 682 1907 iter.
701 1857 722 1923 fi
728 1853 785 1924 plebi
794 1859 860 1923 respi-

112 1948 168 1988 ’νινε
177 1937 203 1987 ab
220 1953 292 1987 eorum
303 1934 379 1986 mixtis
386 1935 483 2004 precibus
495 1937 594 2002 minisque
607 1936 677 1998 liceat,
694 1951 808 1984 memorem
816 1951 863 1984 eom

110 2018 201 2083 ficorum
211 2015 313 2065 inituram
317 2015 424 2082 fiqsragia
434 2014 480 2082 effe,
497 2014 681 2078 &porcomortuo
692 2015 805 2081 imperium
812 2028 861 2079 quo·

114 2109 155 2160 pue
169 2093 305 2159 adscitumm.
340 2093 429 2156 Placet,
445 2092 558 2143 tollendae
568 2092 709 2140 ambitionis
729 2093 799 2140 causi
817 2091 860 2140 tti-

114 2167 197 2218 buncs
216 2171 295 2234 legem
315 2169 478 2236 promulgare,
496 2170 579 2236 necui
595 2169 677 2217 album
689 2169 715 2218 in
730 2169 860 2218 vestimen-

114 2253 171 2293 tum
182 2245 278 2306 addere,
287 2238 422 2312 'petitionis
440 2245 524 2293 liceret
540 2245 620 2292 causi.
639 2245 726 2293 ¹Parva
737 2260 802 2293 nunc
814 2261 861 2309 ret,

74 2336 78 2343 ’
116 2316 144 2370 ἃ
162 2322 209 2368 vix
229 2318 292 2368 serit)
311 2319 405 2384 agenda
420 2318 500 2386 videri
520 2318 598 2385 pollit,
616 2335 671 2384 quae
690 2333 749 2369 tunc
764 2321 860 2384 ingenti

111 2392 249 2446 ’certamine
265 2396 346 2464 Patres
362 2412 391 2446 ac
402 2396 497 2462 plebem
514 2386 636 2445 accendit.
671 2396 761 2446 Vicere
776 2409 859 2450 tamen

112 2472 218 2565 tn‘bupi,
235 2484 263 2523 ut
280 2473 359 2538 legem
379 2472 529 2543 perterrent:
547 2475 737 2542 apparebatque,
759 2475 860 2527 irritatis

112 2550 211 2617 animis,
229 2551 326 2620 plebem
344 2552 375 2601 ad
387 2553 442 2602 succ
461 2552 538 2602 lludia
552 2554 732 2602 inclinaturam
757 2570 811 2619 quae
829 2571 860 2603 ne

115 2630 195 2681 libera
211 2628 294 2695 ell'ent,
311 2627 545 2682 senatusconsultum
559 2630 650 2718 salium
667 2631 708 2697 esi,
726 2642 754 2681 ut
773 2631 860 2682 consu·

115 2709 178 2760 latia
191 2707 293 2759 comitia
310 2706 508 2760 haberentur.

110 2790 251 2838 xxvt.
269 2772 404 2838 Tumultus
422 2787 493 2838 causa
509 2786 565 2852 suit,
592 2802 665 2852 quem
682 2786 715 2836 ab
732 2786 819 2852 AEquis
835 2785 862 2838 de

39 2868 42 2873 ⁴
112 2862 215 2917 Volscis
224 2865 666 2932 Latiniatquellcrnicinuncidrant
702 2869 738 2914 T.
748 2863 860 2928 Quintii-

112 2951 155 3006 ιιι,
172 2944 244 2992 Lucii
263 2942 334 3007 filius,
353 2946 512 2994 Cincirmattu
515 2943 616 3019 seidem
628 2943 653 2990 dt
668 2945 752 2990 Penno
766 2957 860 3005 cogno·

108 3035 176 3103 Μ
186 3018 293 3091 additur)
303 3019 383 3077 Μ..
392 3024 473 3092 Julius
477 3024 588 3091 Mento,
596 3017 709 3072 'consules
723 3018 796 3071 sadi.
790 3032 860 3136 :ultrpp
