1964 3660
234 262 242 276 .
313 226 605 282 ernnm..
764 242 812 299 rep
900 290 906 297 ,

59 323 130 371 uerte
143 318 219 370 mdes
230 318 287 370 suit.
322 320 409 370 Vibior
425 320 518 384 consul,
536 319 631 386 ingenti
645 318 728 388 praedi
744 314 812 391 poti·

57 408 112 461 tus,
129 397 213 448 eadem
225 397 250 446 in
261 397 348 446 stativa
358 398 441 447 rediit.
468 402 538 448 Tum
548 398 658 448 consules
668 400 742 448 castra
752 417 812 450 con·

60 472 185 540 jungunt:
203 476 229 524 dc
243 472 327 524 Volsci
344 475 468 541 AEquique
485 477 585 526 affliiias
602 479 668 526 vires
683 476 736 527 suas
748 480 773 528 in
784 493 814 528 u·

60 565 125 604 num
141 554 276 604 contulere.
313 555 401 603 Tertia
411 555 453 603 illa
464 570 548 622 pugna
562 571 593 605 eo
602 571 671 604 anno
682 555 739 604 suit.
774 572 815 609 ea-

60 630 121 682 dem
129 631 229 684 fortuna
239 631 371 684 viiloriam
381 631 458 683 dedit.
492 631 548 684 lufis
557 633 674 699 hostibus,
687 634 762 684 ctiam
773 648 816 686 ca·
884 645 886 649 ’

56 709 111 763 nra
123 722 206 780 capta.

98 789 147 836 IX.
165 788 203 837 sic
214 800 252 837 res
264 787 378 836 Romana
387 786 415 836 in
429 784 558 851 antiquum
569 786 656 835 flatum·
668 785 758 835 rediit:
777 784 814 836 se-

57 863 198 932 tundaeque
211 864 270 928 belli
287 879 324 912 res
336 864 464 930 extemplo
471 863 580 912 urbanos
591 852 673 913 monis
688 865 816 915 excitave-

63 951 133 992 runt.
168 945 198 991 C.
218 940 368 991 Terentilius
389 939 582 1006 Arsa-tribunus
601 939 679 1006 plebis
698 955 729 989 eo
747 956 814 991 anno

58 1017 121 1068 tuit.
157 1017 185 1082 is,
203 1015 342 1068 consulibus
357 1015 505 1080 absentibus,
523 1025 590 1065 ratus
607 1016 690 1064 locum
710 1017 815 1066 tribuni-

13 1124 16 1127 ι
60 1092 265 1144 ciis‘aiiionibus
281 1093 375 1155 datum,
392 1105 437 1159 per
447 1092 543 1157 aliquot
553 1091 605 1142 dics
616 1093 717 1140 Parrum
730 1091 815 1160 lupen

64 1170 133 1223 biam
146 1171 177 1228 ad
189 1171 288 1239 plebem
300 1169 450 1234 criminatus,
460 1170 575 1233 'maxime
586 1169 612 1217 in
630 1167 756 1218 consulare
767 1170 815 1220 im·

62 1249 170 1317 perium,
187 1259 304 1315 tanquam
320 1248 434 1310 nimium,
450 1262 497 1296 nec
512 1247 642 1296 tolerabile
653 1247 735 1297 liberae
749 1249 814 1297 civi·

61 1327 118 1389 tati,
135 1326 312 1376 invehebatur:
330 1325 413 1373 numine
426 1324 483 1374 enim
495 1327 579 1375 tantum
590 1325 660 1374 minis
676 1325 815 1392 iuuidrfhm,

60 1419 89 1454 re
99 1403 223 1470 ipsdpropi
234 1403 335 1465 atrocius,
352 1402 416 1468 pedm
427 1401 519 1467 regium,
535 1403 583 1466 effe.
616 1395 708 1466 ‚Qippe
718 1401 768 1450 duos
774 1414 817 1469 pru

63 1481 105 1530 uro
124 1480 208 1529 domiue
225 1488 330 1546 acceptus,
354 1478 502 1541 immoderati
523 1478 747 1544 infinitd'petestatc:
771 1481 816 1545 qui,

56 1559 124 1626 subdi
134 1567 197 1626 atque
203 1559 301 1622 effrenati
311 1556 360 1624 ipfi‚
375 1572 447 1606 omnes
458 1565 526 1606 melus
536 1557 607 1623 legum
615 1558 725 1623 omniaque
726 1559 814 1623 fieppli-

61 1637 98 1686 cia
108 1645 220 1686 verterent
229 1637 252 1685 ire
257 1636 350 1702 plebem.
374 1637 427 1700 Qua
435 1651 461 1684 ne
468 1643 544 1684 eterna
555 1635 597 1684 illis
605 1635 690 1685 licentia
695 1634 734 1699 stt,
746 1636 816 1702 legem

56 1716 85 1782 'se
92 1714 288 1783 promulgaturum,
305 1722 329 1763 ue
343 1714 432 1780 quinque
447 1712 494 1760 viri
504 1721 602 1762 crueretur
615 1712 694 1779 legibus
706 1713 732 1761 de
742 1713 814 1780 impe-

56 1791 96 1841 jrio
112 1792 215 1859 consulari
224 1790 351 1859 scribendis.
385 1790 451 1854 Quod
458 1790 548 1855 populus
563 1791 585 1839 iu
596 1792 623 1855 se
633 1791 672 1854 jur
684 1788 773 1853 dederit,
790 1807 816 1841 eu

57 1869 164 1934 :consulem
180 1872 284 1936 usurum:
301 1885 341 1917 nou
351 1868 406 1933 ipsos
422 1865 530 1916 libidinem
543 1883 569 1915 ac
582 1867 690 1916 licentiam
696 1869 759 1932 suam
774 1878 817 1932 pr'e

61 1948 108 2016 lege
123 1946 240 1998 babituros.
256 1942 258 1945 ’
276 1946 335 2009 Qui
351 1944 507 2011 promulgati
518 1944 581 2008 lege,
604 1958 681 2007 quum
698 1944 815 1996 timerent

56 2029 154 2091 Patres,
172 2040 213 2088 nc,
235 2021 376 2073 absentibus
392 2021 539 2085 consulibus,
557 2021 648 2086 jugum
667 2021 816 2087 acciperent,

57 2102 158 2154 senatus
169 2109 184 2153 ὲ
195 2099 311 2169 praefeiio
327 2099 395 2149 urbis
413 2103 447 2163 Q.
459 2099 536 2151 Fabio
553 2109 675 2150 vocatur:
692 2099 735 2164 qui
752 2099 816 2150 adeb

58 2183 181 2232 atrociter
199 2181 227 2230 in
246 2179 403 2244 rogationem
422 2179 574 2246 latoremque
593 2178 673 2246 ipsum
691 2178 724 2227 est
741 2180 814 2228 inve·
862 2220 864 2228 ,

60 2258 124 2323 iius,
140 2269 169 2308 ut
186 2258 255 2321 nihil,
273 2258 291 2307 fi
308 2256 383 2306 ambo
403 2255 513 2308 consules
531 2256 609 2308 infesti
629 2256 815 2309 circumstarent
871 2298 875 2304 .

60 2338 200 2402 tribunum,
216 2337 326 2388 reliilum
340 2337 464 2387 minarum
474 2349 547 2404 atque
555 2340 655 2389 terroris
666 2338 709 2389 srt:
725 2339 812 2405 infidia·

55 2427 110 2470 tum
123 2431 180 2478 eum,
197 2416 223 2465 dr
234 2425 329 2482 tempore
338 2424 402 2482 captu
416 2415 513 2466 adonim
523 2418 685 2484 rempublicam.
714 2420 740 2466 Si
749 2435 813 2484 quem

53 2494 153 2561 fimilem
164 2494 209 2559 ejus
216 2496 291 2560 priore
305 2512 367 2560 aeno,
384 2496 441 2544 inter
456 2495 552 2544 morbum
562 2495 684 2562 bellumque,
702 2496 756 2545 irati
766 2496 814 2544 Dii

55 2570 170 2622 -m'bmun
180 2569 288 2639 dediffem,
304 2588 344 2621 nm
352 2569 440 2638 potuve
445 2570 501 2634 fiili.
534 2572 637 2622 Mortuis
648 2573 725 2620 duobus
738 2572 812 2637 conſsr-

54 2648 127 2714 didus,
135 2651 222 2714 jacente
237 2649 294 2718 egrd
311 2649 403 2698 civitate
414 2649 437 2697 in
446 2648 563 2698 colluuione
580 2649 674 2698 omnium
685 2664 767 2710 rerum,
784 2647 816 2696 ed

53 2728 175 2781 ¹tollendum
186 2727 315 2794 erepublica
327 2726 432 2793 consulare
443 2727 559 2793 imperim
566 2728 662 2776 laturum
670 2716 727 2792 leges
730 2723 813 2791 fmffq

54 2805 137 2853 ducem
156 2803 234 2869 Volscis
252 2804 369 2870 AEquisque
387 2803 416 2852 ud
433 2805 595 2869 oppugnandam
610 2803 683 2853 erlem
697 2801 813 2864 furerem.

52 2879 126 2945 <Qui
135 2879 240 2929 taudem?
262 2881 293 2931 illi
304 2897 343 2930 nm
355 2880 429 2942 licere,
440 2877 521 2944 fiquid
530 2880 619 2944 consides
624 2875 717 2944 fieperbi
730 2878 752 2926 iu
767 2877 811 2928 eli-

61 2972 125 3025 quem
141 2957 231 3022 civium,
247 2963 284 3009 ait
294 2957 414 3020 crudeliter,
421 2955 525 3020 fecerint,
542 2955 598 3004 diem
609 2956 699 3007 dicere?
714 2957 813 3024 accusare

59 3034 97 3090 iis
107 3032 278 3109 pusillium,
293 3052 381 3108 qurum
393 3033 683 3105 ineliquemscuilumfiti
714 3039 772 3091 Nou
782 3036 811 3087 it-

412 3114 470 3168 Ga
772 3111 812 3168 iud
