1964 3660
181 221 184 225 -
263 170 300 246 ᾖ
350 183 603 243 rrrntrn.
797 148 848 254 aa,

98 282 171 333 mum
179 279 299 350 periculo,
316 281 411 348 pudore
422 281 520 346 deinde,
534 282 630 333 animos
641 276 752 347 peditum
762 294 852 332 accen·

102 359 173 408 dunt
209 359 368 409 Verecundiae
384 369 444 422 erat,
461 361 571 423 equitem
586 357 630 407 suo
642 357 773 422 alienoque
783 362 851 409 mas·

102 444 128 483 te
140 449 264 502 pugnare:
281 435 390 503 peditem
400 451 431 485 ne
450 435 481 485 ad
492 435 566 503 pedes
585 434 686 502 quidem
697 433 806 500 degresso
820 439 851 487 'c'-

38 523 43 533 ·
103 513 167 578 quiti
179 528 264 579 parem
275 511 330 561 else.
724 528 727 537 ·
818 523 821 527 ’

135 593 234 640 LXIII.
252 590 354 639 Vadunt
371 590 447 654 igitur
463 589 489 639 in
501 589 614 657 proeliuin
630 587 663 639 ab
680 587 723 639 sua
740 598 810 657 parte
821 603 851 641 οδ

102 664 217 727 mislum5
234 666 362 729 &locum
380 679 413 715 ex
430 681 481 730 quo
501 665 626 729 cesserant,
644 676 775 733 repetunt:
794 682 853 718 mo*-

102 752 235 807 mentoque
246 758 297 792 non
306 743 415 791 restituta
428 741 504 790 modo
516 757 606 808 pugna,
612 741 654 790 sed
666 743 799 792 inclinatur
812 751 851 792 et·-

103 816 153 866 iam
176 819 269 867 Sabinis
286 833 373 868 cornu.
407 819 488 882 Eques
500 817 564 865 inter
583 817 802 884 ordincspediturn
813 827 852 867 te·

102 890 154 942 tius
165 893 189 942 se
200 894 231 942 ad
242 909 319 959 equos
330 893 427 960 recipit.
449 891 586 941 transvolat
601 892 657 940 inde
672 893 698 941 in
709 903 804 959 partem
812 894 853 943 al*-

102 978 189 1032 teram,
207 970 255 1018 suis
274 969 384 1018 visloriae
403 970 520 1029 nuncius3
538 968 607 1017 fimus
619 969 643 1018 ἃ
662 969 689 1017 in
709 970 852 1033 hollesjam

24 1032 28 1043 ⁸
103 1045 216 1113 pavidos,
234 1047 326 1114 quippe
337 1045 392 1096 suso
411 1043 459 1095 sue
469 1046 545 1112 partis
562 1044 683 1094 validiore
701 1058 786 1109 cornu,
804 1046 852 1095 im·-

104 1133 189 1189 petum
200 1123 269 1172 sacit.
291 1139 341 1172 non
360 1122 466 1173 aliorum
476 1137 507 1171 eo
521 1121 607 1189 proelio
618 1122 697 1171 virtus
709 1121 787 1186 magis
798 1122 853 1172 eni·-

101 1199 161 1246 tuit.
196 1198 286 1247 Consul
298 1192 428 1264 providete
444 1197 538 1260 omnia,
554 1192 654 1247 laudare
670 1197 754 1260 sortes,
771 1193 853 1247 incre'·

103 1289 171 1341 parc,
187 1275 262 1325 sicubi
273 1275 370 1340 segnior
381 1290 463 1342 pugna
474 1274 540 1324 esset.
565 1270 678 1339 castigati
691 1274 793 1324 sortium
803 1275 852 1324 sta-

103 1355 150 1402 tim
161 1354 272 1403 virorum
288 1368 388 1421 operam
399 1353 520 1402 edebant:
538 1361 682 1416 tantumque
700 1352 745 1401 hos
761 1349 854 1419 pudor,

103 1438 223 1493 quantum
242 1429 302 1479 alios
321 1427 403 1477 laudes
420 1428 572 1477 excitabant.
606 1427 783 1491 Redintegrato
800 1428 852 1479 cla·

103 1520 181 1567 more,
196 1504 306 1570 undique
324 1520 409 1554 omnes
429 1503 521 1553 connisi
539 1503 633 1554 hosscm
653 1513 778 1567 avertunt,
804 1518 853 1555 nee

103 1580 192 1630 deinde
204 1585 314 1630 Romana
328 1582 367 1629 tis
379 1580 487 1630 sustineri
504 1581 596 1645 potuit.
631 1579 722 1643 Sabini,
739 1579 783 1628 fusr
794 1578 853 1647 pas-

103 1656 147 1706 sim
160 1672 202 1722 per
213 1671 295 1720 agros,
310 1655 386 1704 casira
397 1656 458 1704 hosti
476 1655 624 1720 adpraedam
638 1655 790 1720 relinquunt.
813 1655 853 1706 ibt

104 1748 155 1783 non
168 1733 300 1796 sociorum,
317 1732 377 1780 srcut
389 1732 414 1779 in
427 1731 526 1794 Algido,
539 1745 587 1793 res,
597 1729 636 1779 sed
649 1731 702 1780 suas
713 1735 851 1798 Romanus,

104 1808 304 1877 populationibus
320 1823 437 1870 agrorum
453 1805 559 1871 amissas,
570 1807 667 1872 recipit.
693 1809 799 1858 Gemini
809 1810 852 1858 vi·

105 1883 181 1934 storia
191 1882 288 1932 duobus
306 1883 420 1931 bifariam
434 1883 523 1948 proeliis
539 1882 616 1947 parti,
633 1882 739 1945 maligne
754 1883 854 1935 senatus

80 1987 83 1999 ·
104 1961 129 2010 in
141 1975 219 2009 unum
236 1958 301 2006 diem
313 1957 502 2023 supplicationes
516 1955 644 2005 consulum
655 1957 756 2005 nomine
767 1957 852 2008 dectc'·

103 2038 152 2085 vit.
186 2034 293 2100 Populus
305 2031 393 2095 injussu
404 2033 429 2082 δι
441 2031 518 2080 altero
529 2029 568 2079 die
587 2030 701 2096 frequens
712 2032 742 2080 iit
758 2032 853 2099 suppli·

103 2124 194 2162 catum.
219 2111 245 2160 δε
262 2111 313 2160 haec
334 2123 398 2173 vaga
418 2106 591 2176 popularisque
611 2106 757 2176 supplicatio
767 2109 852 2161 studiis

105 2193 181 2255 prope
192 2187 338 2237 celebratior
349 2186 406 2235 suit.
421 2185 547 2248 Consules,
559 2178 592 2234 e'x
603 2186 749 2253 composito,
762 2186 855 2242 eodem

104 2265 181 2315 biduo
200 2264 231 2314 ad
249 2265 336 2315 urbem
356 2261 481 2327 accessere,
504 2260 663 2329 senatumque
683 2265 708 2313 in
728 2267 852 2317 Martium

103 2355 219 2404 campum
230 2353 378 2388 evocavere.
400 2337 443 2386 ubi
455 2353 532 2402 quum
543 2337 573 2386 de
584 2337 656 2386 rebus
667 2337 732 2388 absc
744 2340 813 2403 gesiis
822 2355 852 2389 a·

104 2425 198 2478 gerent,
215 2415 290 2478 questi
302 2417 421 2480 primores
433 2417 540 2476 Parrum,
558 2412 668 2464 senatum
685 2415 749 2464 inter
759 2419 852 2479 milites
864 2428 868 2438 “

104 2490 186 2538 dedita
197 2490 272 2554 operi
288 2491 386 2538 terroris
400 2492 472 2538 cauci
483 2489 578 2539 haberi.
601 2491 684 2555 itaque
695 2491 752 2540 inde
761 2493 851 2542 consu·

104 2566 147 2629 les,
163 2579 194 2613 ne
205 2564 371 2612 criminationi
382 2565 449 2613 locus
459 2565 525 2628 esset,
542 2565 567 2614 in
578 2577 648 2636 prata
659 2567 788 2629 Flaminia,
801 2569 852 2619 nbi

105 2656 172 2692 nunc
187 2639 248 2689 aedes
260 2639 381 2706 Apollinis
391 2641 432 2704 eli,
448 2641 508 2705 (jam
520 2652 576 2693 ‘nrm
591 2644 758 2710 Apollinarem
767 2646 853 2711 appel·

104 2719 198 2779 labant)
214 2732 353 2765 avocavere
370 2715 488 2766 senatum.
520 2720 569 2768 Ubi
583 2735 660 2786 quum
678 2721 771 2783 ingenti
790 2737 852 2771 con·

105 2795 176 2847 sensu
188 2797 286 2843 Patrurn
298 2804 428 2857 negaretur
437 2795 581 2861 triumphus,
599 2800 630 2846 L.
643 2797 726 2851 Icilius
739 2799 853 2851 tribunus

106 2873 184 2941 plebis
196 2872 251 2920 tulit
263 2869 299 2919 ad'
305 2870 422 2938 populum
439 2870 469 2919 de
480 2871 606 2937 triumpho
618 2871 752 2939 consulum,
769 2876 855 2928 multis

106 2948 236 3002 dissuasum
254 2946 440 3018 prodeuntibus,
457 2947 566 3076 rlna⁶ximi
583 2951 616 3000 C.
633 2948 739 3003 Claudio
755 2953 853 3003 vociso·
921 2975 925 2983 ‚

771 3043 852 3103 rante,
