<?xml version="1.0" encoding="UTF-8"?>
<!DOCTYPE html PUBLIC "-//W3C//DTD XHTML 1.0 Transitional//EN"
    "http://www.w3.org/TR/xhtml1/DTD/xhtml1-transitional.dtd">
<html xmlns="http://www.w3.org/1999/xhtml" xml:lang="en" lang="en">
 <head>
  <title>
</title>
<meta http-equiv="Content-Type" content="text/html;charset=utf-8" />
  <meta name='ocr-system' content='tesseract 3.04.00' />
  <meta name='ocr-capabilities' content='ocr_page ocr_carea ocr_par ocr_line ocrx_word'/>
</head>
<body>
  <div class='ocr_page' id='page_1' title='image "./titiliviipatavi00livygoog_0235.png"; bbox 0 0 1964 3660; ppageno 0'>
   <div class='ocr_carea' id='block_1_1' title="bbox 113 212 602 277">
    <p class='ocr_par' dir='ltr' id='par_1_1' title="bbox 113 212 602 277">
     <span class='ocr_line' id='line_1_1' title="bbox 113 212 602 277; baseline 0.006 -12"><span class='ocrx_word' id='word_1_1' title='bbox 113 223 163 277; x_wconf 72' lang='lat'>224</span> <span class='ocrx_word' id='word_1_2' title='bbox 242 240 245 245; x_wconf 95' lang='lat'>·</span> <span class='ocrx_word' id='word_1_3' title='bbox 373 212 409 266; x_wconf 81' lang='lat' dir='ltr'>T.</span> <span class='ocrx_word' id='word_1_4' title='bbox 443 216 602 268; x_wconf 77' lang='lat' dir='ltr'>lell</span> 
     </span>
    </p>
   </div>
   <div class='ocr_carea' id='block_1_2' title="bbox 112 303 862 526">
    <p class='ocr_par' dir='ltr' id='par_1_2' title="bbox 112 303 862 526">
     <span class='ocr_line' id='line_1_2' title="bbox 112 303 861 372; baseline 0.007 -18"><span class='ocrx_word' id='word_1_5' title='bbox 112 303 213 368; x_wconf 75' lang='lat' dir='ltr'>recenti,</span> <span class='ocrx_word' id='word_1_6' title='bbox 224 303 345 353; x_wconf 84' lang='lat' dir='ltr'>auxilium</span> <span class='ocrx_word' id='word_1_7' title='bbox 357 308 432 372; x_wconf 72' lang='lat' dir='ltr'>prope</span> <span class='ocrx_word' id='word_1_8' title='bbox 444 306 534 355; x_wconf 84' lang='lat' dir='ltr'>eversae</span> <span class='ocrx_word' id='word_1_9' title='bbox 545 308 601 357; x_wconf 85' lang='lat' dir='ltr'>urbi</span> <span class='ocrx_word' id='word_1_10' title='bbox 613 306 781 372; x_wconf 79' lang='lat' dir='ltr'><strong>implorantes.</strong></span> <span class='ocrx_word' id='word_1_11' title='bbox 800 306 861 360; x_wconf 80' lang='lat' dir='ltr'>rrur</span> 
     </span>
     <span class='ocr_line' id='line_1_3' title="bbox 114 383 862 450; baseline 0.007 -21"><span class='ocrx_word' id='word_1_12' title='bbox 114 395 222 446; x_wconf 86' lang='lat' dir='ltr'>namque</span> <span class='ocrx_word' id='word_1_13' title='bbox 240 397 307 447; x_wconf 87' lang='lat' dir='ltr'>pace,</span> <span class='ocrx_word' id='word_1_14' title='bbox 324 384 422 448; x_wconf 89' lang='lat' dir='ltr'>optimo</span> <span class='ocrx_word' id='word_1_15' title='bbox 439 383 540 432; x_wconf 79' lang='lat' dir='ltr'>consilio</span> <span class='ocrx_word' id='word_1_16' title='bbox 558 399 614 432; x_wconf 90' lang='lat' dir='ltr'>eum</span> <span class='ocrx_word' id='word_1_17' title='bbox 632 384 726 450; x_wconf 86' lang='lat' dir='ltr'>populo</span> <span class='ocrx_word' id='word_1_18' title='bbox 743 387 862 434; x_wconf 86' lang='lat' dir='ltr'>Romano</span> 
     </span>
     <span class='ocr_line' id='line_1_4' title="bbox 115 457 862 526; baseline 0.009 -21"><span class='ocrx_word' id='word_1_19' title='bbox 115 457 220 522; x_wconf 72' lang='lat' dir='ltr'>servata,</span> <span class='ocrx_word' id='word_1_20' title='bbox 237 476 281 526; x_wconf 88' lang='lat' dir='ltr'>per</span> <span class='ocrx_word' id='word_1_21' title='bbox 296 461 407 510; x_wconf 74' lang='lat' dir='ltr'>intesssna</span> <span class='ocrx_word' id='word_1_22' title='bbox 418 475 486 510; x_wconf 86' lang='lat' dir='ltr'>arma</span> <span class='ocrx_word' id='word_1_23' title='bbox 501 476 552 514; x_wconf 87' lang='lat' dir='ltr'>non</span> <span class='ocrx_word' id='word_1_24' title='bbox 563 461 651 521; x_wconf 90' lang='lat' dir='ltr'>licuit;</span> <span class='ocrx_word' id='word_1_25' title='bbox 674 475 779 526; x_wconf 86' lang='lat' dir='ltr'>quorum</span> <span class='ocrx_word' id='word_1_26' title='bbox 789 461 862 512; x_wconf 87' lang='lat' dir='ltr'>causa</span> 
     </span>
    </p>
   </div>
   <div class='ocr_carea' id='block_1_3' title="bbox 29 535 859 601">
    <p class='ocr_par' dir='ltr' id='par_1_3' title="bbox 29 535 859 601">
     <span class='ocr_line' id='line_1_5' title="bbox 29 535 859 601; baseline 0.007 -19"><span class='ocrx_word' id='word_1_27' title='bbox 29 588 33 599; x_wconf 26' lang='grc' dir='ltr'>ἱ</span> <span class='ocrx_word' id='word_1_28' title='bbox 114 545 188 601; x_wconf 88' lang='lat' dir='ltr'>atque</span> <span class='ocrx_word' id='word_1_29' title='bbox 197 539 296 588; x_wconf 78' lang='lat' dir='ltr'>initiam</span> <span class='ocrx_word' id='word_1_30' title='bbox 311 540 417 590; x_wconf 82' lang='lat' dir='ltr'>traditur</span> <span class='ocrx_word' id='word_1_31' title='bbox 427 553 460 587; x_wconf 85' lang='lat' dir='ltr'>ex</span> <span class='ocrx_word' id='word_1_32' title='bbox 469 535 749 589; x_wconf 77' lang='lat' dir='ltr'>certamine&#39;fatlionum</span> <span class='ocrx_word' id='word_1_33' title='bbox 759 549 859 601; x_wconf 80' lang='lat' dir='ltr'>ortum:</span> 
     </span>
    </p>
   </div>
   <div class='ocr_carea' id='block_1_4' title="bbox 110 613 862 2992">
    <p class='ocr_par' dir='ltr' id='par_1_4' title="bbox 110 613 862 2992">
     <span class='ocr_line' id='line_1_6' title="bbox 115 613 860 682; baseline 0.005 -21"><span class='ocrx_word' id='word_1_34' title='bbox 115 625 170 674; x_wconf 81' lang='lat' dir='ltr'>quae</span> <span class='ocrx_word' id='word_1_35' title='bbox 189 613 258 664; x_wconf 85' lang='lat' dir='ltr'>suere</span> <span class='ocrx_word' id='word_1_36' title='bbox 279 624 399 682; x_wconf 89' lang='lat' dir='ltr'>eruntque</span> <span class='ocrx_word' id='word_1_37' title='bbox 420 615 531 682; x_wconf 84' lang='lat' dir='ltr'>pluribus</span> <span class='ocrx_word' id='word_1_38' title='bbox 552 615 648 681; x_wconf 85' lang='lat' dir='ltr'>populis</span> <span class='ocrx_word' id='word_1_39' title='bbox 670 615 748 678; x_wconf 79' lang='lat' dir='ltr'>magis</span> <span class='ocrx_word' id='word_1_40' title='bbox 770 615 860 679; x_wconf 83' lang='lat' dir='ltr'>exitio,</span> 
     </span>
     <span class='ocr_line' id='line_1_7' title="bbox 114 692 860 758; baseline 0 -18"><span class='ocrx_word' id='word_1_41' title='bbox 114 695 189 755; x_wconf 73' lang='lat' dir='ltr'>quam</span> <span class='ocrx_word' id='word_1_42' title='bbox 199 693 263 742; x_wconf 88' lang='lat' dir='ltr'>bella</span> <span class='ocrx_word' id='word_1_43' title='bbox 277 704 387 758; x_wconf 84' lang='lat' dir='ltr'>externa,</span> <span class='ocrx_word' id='word_1_44' title='bbox 404 698 477 758; x_wconf 73' lang='lat' dir='ltr'>quam</span> <span class='ocrx_word' id='word_1_45' title='bbox 488 692 563 742; x_wconf 88' lang='lat' dir='ltr'>sames</span> <span class='ocrx_word' id='word_1_46' title='bbox 574 692 698 755; x_wconf 84' lang='lat' dir='ltr'>morbive,</span> <span class='ocrx_word' id='word_1_47' title='bbox 715 706 815 756; x_wconf 74' lang='lat' dir='ltr'>quaque</span> <span class='ocrx_word' id='word_1_48' title='bbox 832 703 860 740; x_wconf 83' lang='lat' dir='ltr'>a-&#39;</span> 
     </span>
     <span class='ocr_line' id='line_1_8' title="bbox 115 768 862 835; baseline -0.001 -16"><span class='ocrx_word' id='word_1_49' title='bbox 115 768 148 819; x_wconf 82' lang='lat' dir='ltr'>lia</span> <span class='ocrx_word' id='word_1_50' title='bbox 159 769 185 818; x_wconf 87' lang='lat' dir='ltr'>io</span> <span class='ocrx_word' id='word_1_51' title='bbox 202 771 286 820; x_wconf 79' lang='lat' dir='ltr'>Deum</span> <span class='ocrx_word' id='word_1_52' title='bbox 303 772 358 835; x_wconf 87' lang='lat' dir='ltr'>iras,</span> <span class='ocrx_word' id='word_1_53' title='bbox 376 771 446 820; x_wconf 81' lang='lat' dir='ltr'>velut</span> <span class='ocrx_word' id='word_1_54' title='bbox 462 771 549 820; x_wconf 85' lang='lat' dir='ltr'>ultima</span> <span class='ocrx_word' id='word_1_55' title='bbox 561 769 715 834; x_wconf 88' lang='lat' dir='ltr'>publicorum</span> <span class='ocrx_word' id='word_1_56' title='bbox 729 768 862 834; x_wconf 85' lang='lat' dir='ltr'>malorum,</span> 
     </span>
     <span class='ocr_line' id='line_1_9' title="bbox 114 837 862 916; baseline 0.001 -21"><span class='ocrx_word' id='word_1_57' title='bbox 114 837 229 896; x_wconf 72' lang='lat' dir='ltr'>vertunt.¹</span> <span class='ocrx_word' id='word_1_58' title='bbox 260 848 390 912; x_wconf 82' lang='lat' dir='ltr'><strong>Virginem</strong></span> <span class='ocrx_word' id='word_1_59' title='bbox 398 849 488 916; x_wconf 88' lang='lat' dir='ltr'>plebeii</span> <span class='ocrx_word' id='word_1_60' title='bbox 500 847 602 912; x_wconf 86' lang='lat' dir='ltr'>generis,</span> <span class='ocrx_word' id='word_1_61' title='bbox 610 847 719 897; x_wconf 75' lang='lat' dir='ltr'>maxime</span> <span class='ocrx_word' id='word_1_62' title='bbox 729 846 810 896; x_wconf 68' lang='lat' dir='ltr'>forma</span> <span class='ocrx_word' id='word_1_63' title='bbox 817 861 862 896; x_wconf 86' lang='lat' dir='ltr'>no-</span> 
     </span>
     <span class='ocr_line' id='line_1_10' title="bbox 113 922 861 990; baseline 0.001 -20"><span class='ocrx_word' id='word_1_64' title='bbox 113 930 175 985; x_wconf 84' lang='lat' dir='ltr'>tam,</span> <span class='ocrx_word' id='word_1_65' title='bbox 192 923 284 990; x_wconf 88' lang='lat' dir='ltr'>petiere</span> <span class='ocrx_word' id='word_1_66' title='bbox 292 925 411 988; x_wconf 85' lang='lat' dir='ltr'>juvenes:</span> <span class='ocrx_word' id='word_1_67' title='bbox 429 925 491 973; x_wconf 92' lang='lat' dir='ltr'>alter</span> <span class='ocrx_word' id='word_1_68' title='bbox 501 924 594 988; x_wconf 83' lang='lat' dir='ltr'>virgini</span> <span class='ocrx_word' id='word_1_69' title='bbox 605 937 693 987; x_wconf 77' lang='lat' dir='ltr'>genere</span> <span class='ocrx_word' id='word_1_70' title='bbox 704 938 755 989; x_wconf 85' lang='lat' dir='ltr'>pat,</span> <span class='ocrx_word' id='word_1_71' title='bbox 772 922 861 972; x_wconf 64' lang='lat' dir='ltr'>tutoris</span> 
     </span>
     <span class='ocr_line' id='line_1_11' title="bbox 114 998 860 1070; baseline 0 -21"><span class='ocrx_word' id='word_1_72' title='bbox 114 998 161 1049; x_wconf 86' lang='lat' dir='ltr'>bus</span> <span class='ocrx_word' id='word_1_73' title='bbox 171 1001 256 1066; x_wconf 81' lang='lat' dir='ltr'>fretus,</span> <span class='ocrx_word' id='word_1_74' title='bbox 272 1005 314 1069; x_wconf 90' lang='lat' dir='ltr'>qui</span> <span class='ocrx_word' id='word_1_75' title='bbox 326 1004 352 1055; x_wconf 64' lang='grc' dir='ltr'><strong><em>ἃ</em></strong></span> <span class='ocrx_word' id='word_1_76' title='bbox 368 1003 412 1070; x_wconf 79' lang='lat' dir='ltr'>ipsi</span> <span class='ocrx_word' id='word_1_77' title='bbox 423 1003 654 1069; x_wconf 82' lang='lat' dir='ltr'>ejusdemeorporis</span> <span class='ocrx_word' id='word_1_78' title='bbox 668 1013 752 1063; x_wconf 86' lang='lat' dir='ltr'>erant;</span> <span class='ocrx_word' id='word_1_79' title='bbox 769 1000 860 1052; x_wconf 83' lang='lat' dir='ltr'>nobilis</span> 
     </span>
     <span class='ocr_line' id='line_1_12' title="bbox 114 1079 860 1146; baseline 0 -17"><span class='ocrx_word' id='word_1_80' title='bbox 114 1080 184 1144; x_wconf 85' lang='lat' dir='ltr'>alter,</span> <span class='ocrx_word' id='word_1_81' title='bbox 201 1082 312 1144; x_wconf 72' lang='lat' dir='ltr'>nullate,</span> <span class='ocrx_word' id='word_1_82' title='bbox 323 1080 485 1146; x_wconf 75' lang='lat' dir='ltr'>praeterquam</span> <span class='ocrx_word' id='word_1_83' title='bbox 496 1080 585 1144; x_wconf 69' lang='lat' dir='ltr'>forma,</span> <span class='ocrx_word' id='word_1_84' title='bbox 595 1090 688 1145; x_wconf 87' lang='lat' dir='ltr'>captus.</span> <span class='ocrx_word' id='word_1_85' title='bbox 706 1079 860 1144; x_wconf 78' lang='lat' dir='ltr'>adjuvabant</span> 
     </span>
     <span class='ocr_line' id='line_1_13' title="bbox 115 1156 860 1223; baseline 0.001 -19"><span class='ocrx_word' id='word_1_86' title='bbox 115 1170 173 1204; x_wconf 87' lang='lat' dir='ltr'>eum</span> <span class='ocrx_word' id='word_1_87' title='bbox 189 1159 346 1223; x_wconf 85' lang='lat' dir='ltr'>optimatium</span> <span class='ocrx_word' id='word_1_88' title='bbox 358 1157 444 1219; x_wconf 83' lang='lat' dir='ltr'>studia,</span> <span class='ocrx_word' id='word_1_89' title='bbox 460 1170 504 1222; x_wconf 88' lang='lat' dir='ltr'>per</span> <span class='ocrx_word' id='word_1_90' title='bbox 521 1171 575 1220; x_wconf 82' lang='lat' dir='ltr'>quae</span> <span class='ocrx_word' id='word_1_91' title='bbox 592 1156 619 1205; x_wconf 88' lang='lat' dir='ltr'>in</span> <span class='ocrx_word' id='word_1_92' title='bbox 638 1157 741 1209; x_wconf 88' lang='lat' dir='ltr'>domum</span> <span class='ocrx_word' id='word_1_93' title='bbox 759 1170 860 1222; x_wconf 81' lang='lat' dir='ltr'>quoque</span> 
     </span>
     <span class='ocr_line' id='line_1_14' title="bbox 114 1234 859 1301; baseline 0.004 -20"><span class='ocrx_word' id='word_1_94' title='bbox 114 1234 202 1301; x_wconf 86' lang='lat' dir='ltr'>puellae</span> <span class='ocrx_word' id='word_1_95' title='bbox 216 1245 338 1286; x_wconf 85' lang='lat' dir='ltr'>certamen</span> <span class='ocrx_word' id='word_1_96' title='bbox 355 1236 461 1300; x_wconf 85' lang='lat' dir='ltr'>partium</span> <span class='ocrx_word' id='word_1_97' title='bbox 472 1235 618 1300; x_wconf 86' lang='lat' dir='ltr'>penetravit.</span> <span class='ocrx_word' id='word_1_98' title='bbox 644 1235 734 1284; x_wconf 89' lang='lat' dir='ltr'>nobilis</span> <span class='ocrx_word' id='word_1_99' title='bbox 748 1235 859 1301; x_wconf 80' lang='lat' dir='ltr'>superior</span> 
     </span>
     <span class='ocr_line' id='line_1_15' title="bbox 111 1298 861 1379; baseline 0 -19"><span class='ocrx_word' id='word_1_100' title='bbox 111 1298 209 1374; x_wconf 81' lang='lat' dir='ltr'>judicio</span> <span class='ocrx_word' id='word_1_101' title='bbox 225 1314 309 1361; x_wconf 88' lang='lat' dir='ltr'>matris</span> <span class='ocrx_word' id='word_1_102' title='bbox 328 1310 382 1374; x_wconf 88' lang='lat' dir='ltr'>esse,</span> <span class='ocrx_word' id='word_1_103' title='bbox 399 1327 455 1377; x_wconf 78' lang='lat' dir='ltr'>quae</span> <span class='ocrx_word' id='word_1_104' title='bbox 469 1316 542 1374; x_wconf 71' lang='lat' dir='ltr'>quam</span> <span class='ocrx_word' id='word_1_105' title='bbox 561 1310 752 1377; x_wconf 76' lang='lat' dir='ltr'>splendidissimis</span> <span class='ocrx_word' id='word_1_106' title='bbox 767 1313 861 1379; x_wconf 78' lang='lat' dir='ltr'>nuptiis</span> 
     </span>
     <span class='ocr_line' id='line_1_16' title="bbox 111 1385 859 1455; baseline 0.004 -20"><span class='ocrx_word' id='word_1_107' title='bbox 111 1385 185 1451; x_wconf 71' lang='lat' dir='ltr'>iungi</span> <span class='ocrx_word' id='word_1_108' title='bbox 196 1387 302 1452; x_wconf 88' lang='lat' dir='ltr'>puellam</span> <span class='ocrx_word' id='word_1_109' title='bbox 316 1386 425 1436; x_wconf 86' lang='lat' dir='ltr'>volebat.</span> <span class='ocrx_word' id='word_1_110' title='bbox 448 1396 550 1448; x_wconf 89' lang='lat' dir='ltr'>tutores,</span> <span class='ocrx_word' id='word_1_111' title='bbox 571 1386 598 1434; x_wconf 88' lang='lat' dir='ltr'>in</span> <span class='ocrx_word' id='word_1_112' title='bbox 608 1401 637 1436; x_wconf 82' lang='lat' dir='ltr'>ea</span> <span class='ocrx_word' id='word_1_113' title='bbox 654 1404 754 1453; x_wconf 90' lang='lat' dir='ltr'>quoque</span> <span class='ocrx_word' id='word_1_114' title='bbox 765 1405 791 1438; x_wconf 91' lang='lat' dir='ltr'>rc</span> <span class='ocrx_word' id='word_1_115' title='bbox 802 1405 859 1455; x_wconf 74' lang='lat' dir='ltr'>par-</span> 
     </span>
     <span class='ocr_line' id='line_1_17' title="bbox 114 1460 860 1530; baseline 0.005 -20"><span class='ocrx_word' id='word_1_116' title='bbox 114 1463 179 1510; x_wconf 88' lang='lat' dir='ltr'>tium</span> <span class='ocrx_word' id='word_1_117' title='bbox 195 1476 324 1525; x_wconf 81' lang='lat' dir='ltr'>memores,</span> <span class='ocrx_word' id='word_1_118' title='bbox 341 1460 372 1511; x_wconf 88' lang='lat' dir='ltr'>ad</span> <span class='ocrx_word' id='word_1_119' title='bbox 390 1461 460 1511; x_wconf 87' lang='lat' dir='ltr'>suum</span> <span class='ocrx_word' id='word_1_120' title='bbox 475 1460 583 1510; x_wconf 60' lang='lat' dir='ltr'>tendere}</span> <span class='ocrx_word' id='word_1_121' title='bbox 620 1465 705 1524; x_wconf 82' lang='lat' dir='ltr'>Quum</span> <span class='ocrx_word' id='word_1_122' title='bbox 723 1479 761 1513; x_wconf 86' lang='lat' dir='ltr'>res</span> <span class='ocrx_word' id='word_1_123' title='bbox 775 1465 860 1530; x_wconf 78' lang='lat' dir='ltr'>peragi</span> 
     </span>
     <span class='ocr_line' id='line_1_18' title="bbox 112 1536 859 1606; baseline 0.004 -18"><span class='ocrx_word' id='word_1_124' title='bbox 112 1537 180 1589; x_wconf 82' lang='lat' dir='ltr'>intra</span> <span class='ocrx_word' id='word_1_125' title='bbox 197 1539 300 1605; x_wconf 87' lang='lat' dir='ltr'>parietes</span> <span class='ocrx_word' id='word_1_126' title='bbox 315 1536 442 1604; x_wconf 85' lang='lat' dir='ltr'>nequisset,</span> <span class='ocrx_word' id='word_1_127' title='bbox 459 1546 563 1588; x_wconf 75' lang='lat' dir='ltr'>vennam</span> <span class='ocrx_word' id='word_1_128' title='bbox 580 1538 606 1587; x_wconf 90' lang='lat' dir='ltr'>in</span> <span class='ocrx_word' id='word_1_129' title='bbox 620 1538 660 1601; x_wconf 82' lang='lat' dir='ltr'>jus</span> <span class='ocrx_word' id='word_1_130' title='bbox 671 1540 712 1588; x_wconf 83' lang='lat' dir='ltr'>esi.</span> <span class='ocrx_word' id='word_1_131' title='bbox 736 1541 859 1606; x_wconf 83' lang='lat' dir='ltr'>postulatu</span> 
     </span>
     <span class='ocr_line' id='line_1_19' title="bbox 112 1616 859 1685; baseline 0.001 -19"><span class='ocrx_word' id='word_1_132' title='bbox 112 1618 200 1685; x_wconf 75' lang='lat' dir='ltr'>audito</span> <span class='ocrx_word' id='word_1_133' title='bbox 216 1617 300 1665; x_wconf 84' lang='lat' dir='ltr'>matris</span> <span class='ocrx_word' id='word_1_134' title='bbox 317 1624 484 1682; x_wconf 86' lang='lat' dir='ltr'>tutorumque,</span> <span class='ocrx_word' id='word_1_135' title='bbox 500 1616 653 1683; x_wconf 81' lang='lat' dir='ltr'>magistratus</span> <span class='ocrx_word' id='word_1_136' title='bbox 670 1616 800 1666; x_wconf 88' lang='lat' dir='ltr'>secundum</span> <span class='ocrx_word' id='word_1_137' title='bbox 815 1627 859 1684; x_wconf 84' lang='lat' dir='ltr'>pa·-</span> 
     </span>
     <span class='ocr_line' id='line_1_20' title="bbox 112 1691 859 1761; baseline 0.005 -19"><span class='ocrx_word' id='word_1_138' title='bbox 112 1695 189 1749; x_wconf 72' lang='lat' dir='ltr'>sentis</span> <span class='ocrx_word' id='word_1_139' title='bbox 197 1693 326 1742; x_wconf 85' lang='lat' dir='ltr'>arbitrium</span> <span class='ocrx_word' id='word_1_140' title='bbox 334 1691 394 1742; x_wconf 90' lang='lat' dir='ltr'>dant</span> <span class='ocrx_word' id='word_1_141' title='bbox 408 1693 605 1758; x_wconf 84' lang='lat' dir='ltr'>jusnuptiatum.</span> <span class='ocrx_word' id='word_1_142' title='bbox 629 1691 670 1743; x_wconf 89' lang='lat' dir='ltr'>sed</span> <span class='ocrx_word' id='word_1_143' title='bbox 679 1694 717 1742; x_wconf 76' lang='lat' dir='ltr'>vis</span> <span class='ocrx_word' id='word_1_144' title='bbox 731 1697 859 1761; x_wconf 80' lang='lat' dir='ltr'>potentior</span> 
     </span>
     <span class='ocr_line' id='line_1_21' title="bbox 112 1766 859 1834; baseline -0.003 -13"><span class='ocrx_word' id='word_1_145' title='bbox 112 1770 172 1823; x_wconf 72' lang='lat' dir='ltr'>orit.</span> <span class='ocrx_word' id='word_1_146' title='bbox 197 1781 302 1834; x_wconf 81' lang='lat' dir='ltr'>namque</span> <span class='ocrx_word' id='word_1_147' title='bbox 319 1779 420 1831; x_wconf 87' lang='lat' dir='ltr'>tutores,</span> <span class='ocrx_word' id='word_1_148' title='bbox 437 1769 501 1818; x_wconf 88' lang='lat' dir='ltr'>inter</span> <span class='ocrx_word' id='word_1_149' title='bbox 512 1766 560 1817; x_wconf 86' lang='lat' dir='ltr'>suae</span> <span class='ocrx_word' id='word_1_150' title='bbox 573 1769 648 1834; x_wconf 87' lang='lat' dir='ltr'>partis</span> <span class='ocrx_word' id='word_1_151' title='bbox 658 1770 769 1817; x_wconf 87' lang='lat' dir='ltr'>homines</span> <span class='ocrx_word' id='word_1_152' title='bbox 778 1770 808 1818; x_wconf 91' lang='lat' dir='ltr'>de</span> <span class='ocrx_word' id='word_1_153' title='bbox 820 1771 859 1820; x_wconf 90' lang='lat' dir='ltr'>in·</span> 
     </span>
     <span class='ocr_line' id='line_1_22' title="bbox 110 1846 859 1914; baseline 0 -18"><span class='ocrx_word' id='word_1_154' title='bbox 110 1847 179 1914; x_wconf 73' lang='lat' dir='ltr'>juria</span> <span class='ocrx_word' id='word_1_155' title='bbox 189 1847 279 1896; x_wconf 82' lang='lat' dir='ltr'>decreti</span> <span class='ocrx_word' id='word_1_156' title='bbox 288 1847 369 1914; x_wconf 82' lang='lat' dir='ltr'>palam</span> <span class='ocrx_word' id='word_1_157' title='bbox 380 1848 406 1896; x_wconf 91' lang='lat' dir='ltr'>in</span> <span class='ocrx_word' id='word_1_158' title='bbox 417 1846 474 1896; x_wconf 85' lang='lat' dir='ltr'>soto</span> <span class='ocrx_word' id='word_1_159' title='bbox 485 1847 634 1911; x_wconf 86' lang='lat' dir='ltr'>concionati,</span> <span class='ocrx_word' id='word_1_160' title='bbox 650 1854 729 1896; x_wconf 58' lang='lat' dir='ltr'>manu&gt;</span> <span class='ocrx_word' id='word_1_161' title='bbox 736 1847 799 1896; x_wconf 75' lang='lat' dir='ltr'>faeta</span> <span class='ocrx_word' id='word_1_162' title='bbox 806 1849 859 1897; x_wconf 77' lang='lat' dir='ltr'>vir·-</span> 
     </span>
     <span class='ocr_line' id='line_1_23' title="bbox 113 1918 861 1993; baseline 0.004 -18"><span class='ocrx_word' id='word_1_163' title='bbox 113 1918 417 1993; x_wconf 76' lang='lat' dir='ltr'>ginemex&#39;domomatris</span> <span class='ocrx_word' id='word_1_164' title='bbox 428 1927 536 1992; x_wconf 86' lang='lat' dir='ltr'>rapiunt.</span> <span class='ocrx_word' id='word_1_165' title='bbox 557 1925 673 1976; x_wconf 82' lang='lat' dir='ltr'>adversus</span> <span class='ocrx_word' id='word_1_166' title='bbox 681 1942 742 1992; x_wconf 90' lang='lat' dir='ltr'>quos</span> <span class='ocrx_word' id='word_1_167' title='bbox 751 1926 861 1978; x_wconf 67' lang='lat' dir='ltr'>infestior</span> 
     </span>
     <span class='ocr_line' id='line_1_24' title="bbox 113 1996 859 2073; baseline -0.005 -16"><span class='ocrx_word' id='word_1_168' title='bbox 113 2015 202 2058; x_wconf 85' lang='lat' dir='ltr'>coorta</span> <span class='ocrx_word' id='word_1_169' title='bbox 213 1997 445 2073; x_wconf 81' lang='lat' dir='ltr'>optimatiumacies</span> <span class='ocrx_word' id='word_1_170' title='bbox 459 2002 568 2070; x_wconf 86' lang='lat' dir='ltr'>sequitur</span> <span class='ocrx_word' id='word_1_171' title='bbox 584 2004 712 2054; x_wconf 86' lang='lat' dir='ltr'>accensum</span> <span class='ocrx_word' id='word_1_172' title='bbox 723 2005 812 2067; x_wconf 73' lang='lat' dir='ltr'>iniuria</span> <span class='ocrx_word' id='word_1_173' title='bbox 817 1996 859 2068; x_wconf 80' lang='lat' dir='ltr'>ju·</span> 
     </span>
     <span class='ocr_line' id='line_1_25' title="bbox 112 2081 859 2148; baseline 0 -18"><span class='ocrx_word' id='word_1_174' title='bbox 112 2095 213 2131; x_wconf 73' lang='lat' dir='ltr'>venem.</span> <span class='ocrx_word' id='word_1_175' title='bbox 239 2081 268 2130; x_wconf 90' lang='lat' dir='ltr'>fit</span> <span class='ocrx_word' id='word_1_176' title='bbox 279 2082 390 2148; x_wconf 87' lang='lat' dir='ltr'>proellum</span> <span class='ocrx_word' id='word_1_177' title='bbox 398 2092 481 2131; x_wconf 83' lang='lat' dir='ltr'>atrox.</span> <span class='ocrx_word' id='word_1_178' title='bbox 516 2081 585 2130; x_wconf 86' lang='lat' dir='ltr'>Pulsa</span> <span class='ocrx_word' id='word_1_179' title='bbox 597 2081 672 2147; x_wconf 84' lang='lat' dir='ltr'>plebs,</span> <span class='ocrx_word' id='word_1_180' title='bbox 690 2081 750 2129; x_wconf 87' lang='lat' dir='ltr'>nihil</span> <span class='ocrx_word' id='word_1_181' title='bbox 765 2085 859 2131; x_wconf 88' lang='lat' dir='ltr'>Roma&#39;·</span> 
     </span>
     <span class='ocr_line' id='line_1_26' title="bbox 112 2157 858 2225; baseline -0.003 -16"><span class='ocrx_word' id='word_1_182' title='bbox 112 2173 151 2209; x_wconf 82' lang='lat' dir='ltr'>trae</span> <span class='ocrx_word' id='word_1_183' title='bbox 163 2160 229 2225; x_wconf 90' lang='lat' dir='ltr'>plebi</span> <span class='ocrx_word' id='word_1_184' title='bbox 245 2159 336 2221; x_wconf 87' lang='lat' dir='ltr'>similis,</span> <span class='ocrx_word' id='word_1_185' title='bbox 352 2170 445 2207; x_wconf 86' lang='lat' dir='ltr'>armata</span> <span class='ocrx_word' id='word_1_186' title='bbox 458 2172 492 2209; x_wconf 84' lang='lat' dir='ltr'>ex</span> <span class='ocrx_word' id='word_1_187' title='bbox 508 2159 575 2206; x_wconf 79' lang='lat' dir='ltr'>urbe·</span> <span class='ocrx_word' id='word_1_188' title='bbox 585 2158 701 2222; x_wconf 72' lang='lat' dir='ltr'>profesta,</span> <span class='ocrx_word' id='word_1_189' title='bbox 719 2157 781 2206; x_wconf 91' lang='lat' dir='ltr'>colle</span> <span class='ocrx_word' id='word_1_190' title='bbox 795 2174 858 2221; x_wconf 91' lang='lat' dir='ltr'>quo-</span> 
     </span>
     <span class='ocr_line' id='line_1_27' title="bbox 112 2232 857 2299; baseline -0.001 -16"><span class='ocrx_word' id='word_1_191' title='bbox 112 2232 171 2283; x_wconf 87' lang='lat' dir='ltr'>dam</span> <span class='ocrx_word' id='word_1_192' title='bbox 182 2244 264 2299; x_wconf 87' lang='lat' dir='ltr'>capto,</span> <span class='ocrx_word' id='word_1_193' title='bbox 281 2237 307 2282; x_wconf 92' lang='lat' dir='ltr'>in</span> <span class='ocrx_word' id='word_1_194' title='bbox 315 2250 388 2297; x_wconf 85' lang='lat' dir='ltr'>agros</span> <span class='ocrx_word' id='word_1_195' title='bbox 396 2235 554 2299; x_wconf 88' lang='lat' dir='ltr'>optimatium</span> <span class='ocrx_word' id='word_1_196' title='bbox 564 2250 619 2281; x_wconf 88' lang='lat' dir='ltr'>cum</span> <span class='ocrx_word' id='word_1_197' title='bbox 628 2234 694 2280; x_wconf 85' lang='lat' dir='ltr'>serto</span> <span class='ocrx_word' id='word_1_198' title='bbox 703 2234 803 2296; x_wconf 84' lang='lat' dir='ltr'>ignique</span> <span class='ocrx_word' id='word_1_199' title='bbox 812 2249 857 2283; x_wconf 86' lang='lat' dir='ltr'>cx-</span> 
     </span>
     <span class='ocr_line' id='line_1_28' title="bbox 113 2311 857 2375; baseline 0 -15"><span class='ocrx_word' id='word_1_200' title='bbox 113 2311 235 2360; x_wconf 81' lang='lat' dir='ltr'>cursiones</span> <span class='ocrx_word' id='word_1_201' title='bbox 245 2311 314 2358; x_wconf 88' lang='lat' dir='ltr'>sacit.</span> <span class='ocrx_word' id='word_1_202' title='bbox 336 2312 422 2359; x_wconf 90' lang='lat' dir='ltr'>urbem</span> <span class='ocrx_word' id='word_1_203' title='bbox 434 2324 540 2375; x_wconf 87' lang='lat' dir='ltr'>quoque,</span> <span class='ocrx_word' id='word_1_204' title='bbox 559 2313 638 2359; x_wconf 90' lang='lat' dir='ltr'>omnis</span> <span class='ocrx_word' id='word_1_205' title='bbox 647 2312 722 2359; x_wconf 87' lang='lat' dir='ltr'>etiam</span> <span class='ocrx_word' id='word_1_206' title='bbox 730 2321 857 2375; x_wconf 81' lang='lat' dir='ltr'>expertem</span> 
     </span>
     <span class='ocr_line' id='line_1_29' title="bbox 111 2386 858 2453; baseline 0.001 -17"><span class='ocrx_word' id='word_1_207' title='bbox 111 2391 168 2436; x_wconf 86' lang='lat' dir='ltr'>ante</span> <span class='ocrx_word' id='word_1_208' title='bbox 180 2388 327 2451; x_wconf 81' lang='lat' dir='ltr'>certaminis,</span> <span class='ocrx_word' id='word_1_209' title='bbox 344 2387 501 2453; x_wconf 81' lang='lat' dir='ltr'>multitudine</span> <span class='ocrx_word' id='word_1_210' title='bbox 517 2386 634 2452; x_wconf 82' lang='lat' dir='ltr'>opificum</span> <span class='ocrx_word' id='word_1_211' title='bbox 646 2387 677 2435; x_wconf 91' lang='lat' dir='ltr'>ad</span> <span class='ocrx_word' id='word_1_212' title='bbox 693 2386 758 2453; x_wconf 90' lang='lat' dir='ltr'>spem</span> <span class='ocrx_word' id='word_1_213' title='bbox 770 2387 858 2452; x_wconf 78' lang='lat' dir='ltr'>praedae</span> 
     </span>
     <span class='ocr_line' id='line_1_30' title="bbox 112 2424 858 2541; baseline 0.003 -29"><span class='ocrx_word' id='word_1_214' title='bbox 112 2464 225 2528; x_wconf 62' lang='lat' dir='ltr'>evocas,</span> <span class='ocrx_word' id='word_1_215' title='bbox 234 2424 343 2517; x_wconf 77' lang='lat' dir='ltr'>obsidere</span> <span class='ocrx_word' id='word_1_216' title='bbox 353 2476 432 2541; x_wconf 79' lang='lat' dir='ltr'>parat</span> <span class='ocrx_word' id='word_1_217' title='bbox 450 2480 496 2514; x_wconf 92' lang='lat' dir='ltr'>nec</span> <span class='ocrx_word' id='word_1_218' title='bbox 507 2465 556 2513; x_wconf 90' lang='lat' dir='ltr'>ulla</span> <span class='ocrx_word' id='word_1_219' title='bbox 568 2463 657 2532; x_wconf 83' lang='lat' dir='ltr'>species</span> <span class='ocrx_word' id='word_1_220' title='bbox 668 2463 796 2530; x_wconf 76' lang='lat' dir='ltr'>cladesque</span> <span class='ocrx_word' id='word_1_221' title='bbox 807 2464 858 2514; x_wconf 84' lang='lat' dir='ltr'>bel&#39;-</span> 
     </span>
     <span class='ocr_line' id='line_1_31' title="bbox 111 2528 857 2606; baseline -0.001 -13"><span class='ocrx_word' id='word_1_222' title='bbox 111 2544 131 2593; x_wconf 89' lang='lat' dir='ltr'>li</span> <span class='ocrx_word' id='word_1_223' title='bbox 148 2543 227 2603; x_wconf 85' lang='lat' dir='ltr'>abest;</span> <span class='ocrx_word' id='word_1_224' title='bbox 244 2543 313 2592; x_wconf 86' lang='lat' dir='ltr'>velut</span> <span class='ocrx_word' id='word_1_225' title='bbox 330 2542 442 2592; x_wconf 70' lang='lat' dir='ltr'>contasla</span> <span class='ocrx_word' id='word_1_226' title='bbox 458 2528 560 2592; x_wconf 84' lang='lat' dir='ltr'>civitate</span> <span class='ocrx_word' id='word_1_227' title='bbox 571 2544 645 2592; x_wconf 86' lang='lat' dir='ltr'>rabie</span> <span class='ocrx_word' id='word_1_228' title='bbox 663 2542 793 2592; x_wconf 89' lang='lat' dir='ltr'>duorum</span> <span class='ocrx_word' id='word_1_229' title='bbox 783 2544 857 2606; x_wconf 82' lang='lat' dir='ltr'>Juve-</span> 
     </span>
     <span class='ocr_line' id='line_1_32' title="bbox 112 2619 858 2689; baseline 0 -19"><span class='ocrx_word' id='word_1_230' title='bbox 112 2635 181 2684; x_wconf 85' lang='lat' dir='ltr'>num,</span> <span class='ocrx_word' id='word_1_231' title='bbox 197 2620 301 2670; x_wconf 88' lang='lat' dir='ltr'>sunessas</span> <span class='ocrx_word' id='word_1_232' title='bbox 309 2621 407 2689; x_wconf 86' lang='lat' dir='ltr'>nuptias</span> <span class='ocrx_word' id='word_1_233' title='bbox 418 2634 450 2671; x_wconf 84' lang='lat' dir='ltr'>ex</span> <span class='ocrx_word' id='word_1_234' title='bbox 459 2619 546 2670; x_wconf 88' lang='lat' dir='ltr'>occasu</span> <span class='ocrx_word' id='word_1_235' title='bbox 556 2621 639 2689; x_wconf 74' lang='lat' dir='ltr'>patria</span> <span class='ocrx_word' id='word_1_236' title='bbox 650 2620 794 2687; x_wconf 77' lang='lat' dir='ltr'>petentium</span> <span class='ocrx_word' id='word_1_237' title='bbox 812 2623 858 2670; x_wconf 85' lang='lat' dir='ltr'>Pa-</span> 
     </span>
     <span class='ocr_line' id='line_1_33' title="bbox 111 2695 858 2765; baseline -0.003 -17"><span class='ocrx_word' id='word_1_238' title='bbox 111 2712 169 2748; x_wconf 91' lang='lat' dir='ltr'>rum</span> <span class='ocrx_word' id='word_1_239' title='bbox 186 2698 250 2765; x_wconf 85' lang='lat' dir='ltr'>parti</span> <span class='ocrx_word' id='word_1_240' title='bbox 269 2698 367 2765; x_wconf 87' lang='lat' dir='ltr'>utrique</span> <span class='ocrx_word' id='word_1_241' title='bbox 379 2698 447 2748; x_wconf 89' lang='lat' dir='ltr'>dotni</span> <span class='ocrx_word' id='word_1_242' title='bbox 466 2712 591 2746; x_wconf 87' lang='lat' dir='ltr'>armorum</span> <span class='ocrx_word' id='word_1_243' title='bbox 604 2698 709 2761; x_wconf 77' lang='lat' dir='ltr'>bellique</span> <span class='ocrx_word' id='word_1_244' title='bbox 717 2697 749 2744; x_wconf 88' lang='lat' dir='ltr'>ell</span> <span class='ocrx_word' id='word_1_245' title='bbox 766 2695 858 2763; x_wconf 69' lang='lat' dir='ltr'>risum.</span> 
     </span>
     <span class='ocr_line' id='line_1_34' title="bbox 112 2763 860 2840; baseline 0 -16"><span class='ocrx_word' id='word_1_246' title='bbox 112 2774 244 2840; x_wconf 83' lang='lat' dir='ltr'>optimates</span> <span class='ocrx_word' id='word_1_247' title='bbox 263 2763 389 2825; x_wconf 77' lang='lat' dir='ltr'>Romanos</span> <span class='ocrx_word' id='word_1_248' title='bbox 403 2775 434 2825; x_wconf 90' lang='lat' dir='ltr'>ad</span> <span class='ocrx_word' id='word_1_249' title='bbox 451 2775 573 2825; x_wconf 85' lang='lat' dir='ltr'>auxilium</span> <span class='ocrx_word' id='word_1_250' title='bbox 592 2776 658 2824; x_wconf 87' lang='lat' dir='ltr'>urbis</span> <span class='ocrx_word' id='word_1_251' title='bbox 669 2772 773 2836; x_wconf 76' lang='lat' dir='ltr'>obsessa,</span> <span class='ocrx_word' id='word_1_252' title='bbox 789 2774 860 2840; x_wconf 82' lang='lat' dir='ltr'>plebs</span> 
     </span>
     <span class='ocr_line' id='line_1_35' title="bbox 113 2850 856 2918; baseline 0.005 -21"><span class='ocrx_word' id='word_1_253' title='bbox 113 2851 145 2898; x_wconf 86' lang='lat' dir='ltr'>ad</span> <span class='ocrx_word' id='word_1_254' title='bbox 165 2851 354 2918; x_wconf 81' lang='lat' dir='ltr'>expugnandam</span> <span class='ocrx_word' id='word_1_255' title='bbox 374 2851 456 2900; x_wconf 89' lang='lat' dir='ltr'>secum</span> <span class='ocrx_word' id='word_1_256' title='bbox 473 2850 581 2900; x_wconf 86' lang='lat' dir='ltr'>Ardeam</span> <span class='ocrx_word' id='word_1_257' title='bbox 601 2852 704 2902; x_wconf 90' lang='lat' dir='ltr'>Volscos</span> <span class='ocrx_word' id='word_1_258' title='bbox 729 2851 856 2901; x_wconf 82' lang='lat' dir='ltr'>excivere.</span> 
     </span>
     <span class='ocr_line' id='line_1_36' title="bbox 113 2925 858 2992; baseline 0.001 -19"><span class='ocrx_word' id='word_1_259' title='bbox 113 2927 209 2976; x_wconf 83' lang='lat' dir='ltr'>Priores</span> <span class='ocrx_word' id='word_1_260' title='bbox 219 2925 311 2991; x_wconf 86' lang='lat' dir='ltr'>Volsci,</span> <span class='ocrx_word' id='word_1_261' title='bbox 329 2926 392 2976; x_wconf 91' lang='lat' dir='ltr'>duce</span> <span class='ocrx_word' id='word_1_262' title='bbox 404 2928 486 2992; x_wconf 85' lang='lat' dir='ltr'>AEquo</span> <span class='ocrx_word' id='word_1_263' title='bbox 499 2928 594 2991; x_wconf 68' lang='lat' dir='ltr'>Cloelio,</span> <span class='ocrx_word' id='word_1_264' title='bbox 607 2928 713 2978; x_wconf 81' lang='lat' dir='ltr'>Ardeam</span> <span class='ocrx_word' id='word_1_265' title='bbox 725 2942 822 2988; x_wconf 83' lang='lat' dir='ltr'>venere,</span> <span class='ocrx_word' id='word_1_266' title='bbox 832 2926 858 2979; x_wconf 72' lang='lat' dir='ltr'>a:</span> 
     </span>
    </p>
   </div>
   <div class='ocr_carea' id='block_1_5' title="bbox 112 3000 857 3116">
    <p class='ocr_par' dir='ltr' id='par_1_5' title="bbox 112 3000 857 3116">
     <span class='ocr_line' id='line_1_37' title="bbox 112 3000 857 3116; baseline -0.013 -56"><span class='ocrx_word' id='word_1_267' title='bbox 112 3000 232 3060; x_wconf 72' lang='lat' dir='ltr'>uoenlbo</span> <span class='ocrx_word' id='word_1_268' title='bbox 243 3003 349 3055; x_wconf 73' lang='lat' dir='ltr'>hostium</span> <span class='ocrx_word' id='word_1_269' title='bbox 356 3004 451 3056; x_wconf 78' lang='lat' dir='ltr'>vallum</span> <span class='ocrx_word' id='word_1_270' title='bbox 459 3001 592 3068; x_wconf 85' lang='lat' dir='ltr'>objecere.</span> <span class='ocrx_word' id='word_1_271' title='bbox 607 3004 682 3071; x_wconf 72' lang='lat' dir='ltr'>Quod</span> <span class='ocrx_word' id='word_1_272' title='bbox 693 3002 737 3054; x_wconf 88' lang='lat' dir='ltr'>ubi</span> <span class='ocrx_word' id='word_1_273' title='bbox 749 3001 857 3116; x_wconf 49' lang='lat' dir='ltr'>Romatp</span> 
     </span>
    </p>
   </div>
   <div class='ocr_carea' id='block_1_6' title="bbox 0 0 986 3660">
    <p class='ocr_par' dir='ltr' id='par_1_6' title="bbox 0 0 986 3660">
     <span class='ocr_line' id='line_1_38' title="bbox 0 0 986 3660; baseline 0 0"><span class='ocrx_word' id='word_1_274' title='bbox 0 0 986 3660; x_wconf 95' lang='lat' dir='ltr'> </span> 
     </span>
    </p>
   </div>
  </div>
 </body>
</html>
