1964 3660
115 162 147 213 56
379 155 602 207 T.L1v11.

111 245 191 312 perbo
203 261 340 310 cognomen
354 246 417 296 salla
428 247 574 312 indiderunt,
592 251 649 315 quia
662 250 772 303 socerum
788 266 862 316 gener

110 321 232 388 sepulturi
243 326 385 390 prohibuit:
403 327 514 374 Romulum
521 342 596 392 quoque
607 330 629 376 in
640 330 731 394 epultum
736 329 813 396 perlffe
824 329 860 379 di-

111 397 213 456 stitaus:
232 402 348 466 primores
360 404 466 465 Panum,
478 418 538 468 quot
548 406 625 453 Servii
634 406 705 455 rebus
712 405 796 455 favisse
808 423 859 458 cre-

111 476 193 541 debat,
210 478 347 528 interfecit:
376 480 485 542 conscius
504 479 598 545 deinde,
614 483 677 531 male
691 485 812 548 quaetendi
823 501 860 535 re·

110 557 157 620 gni
168 556 200 604 ab
210 554 233 605 se
248 556 300 622 ipso
310 557 426 607 adversus
437 558 461 607 se
472 560 610 626 exemplum
624 561 678 626 capi
689 560 763 627 posse,
780 578 860 613 arma·

111 635 144 695 tia
161 650 249 700 corpus
262 635 434 704 circumsepsit.
451 639 606 704 nequeenim
619 640 650 688 ad
661 639 701 703 jus
712 641 779 703 regni
790 643 860 707 quic·

112 727 189 780 quam
205 725 292 780 praeter
302 715 355 765 vim
374 715 494 778 habebat;
510 718 591 782 utqui
607 731 687 783 neque
695 719 779 783 populi
786 718 860 781 jussu,

112 806 192 857 neque
202 791 341 843 audioribus
354 793 464 843 Patribus
473 804 593 858 regnaret.
627 797 665 844 Εὸ
676 794 815 860 accedebat,
832 807 861 846 ut

110 871 139 923 in
151 871 251 922 caritate
259 871 353 921 civium
360 871 422 921 nihil
431 871 481 938 spei
492 872 619 938 reponenti
631 883 698 922 metu
709 887 812 937 regnum
821 884 861 922 tu·

112 949 214 1001 tandum
228 947 301 1000 esset:
318 965 392 1016 quem
404 960 432 999 ut
443 946 552 1017 pluribus
563 952 690 1013 incuteret,
707 951 861 1015 cognitiones

112 1030 254 1097 capitalium
273 1045 354 1085 renim
368 1028 418 1078 sine
429 1029 532 1080 consiliis
547 1029 624 1096 perse
641 1025 704 1081 solus
715 1031 857 1083 exercebat:

111 1122 206 1175 perque
217 1122 271 1156 eam
286 1106 383 1163 causam
395 1106 514 1168 occidere,
531 1105 679 1161 inexilium
692 1122 773 1171 agere,
789 1109 863 1160 bonis

111 1187 217 1241 multare
234 1195 330 1249 poterat
346 1198 398 1240 nott
414 1183 534 1248 suspellos
549 1183 625 1232 modo
640 1194 684 1234 aut
702 1185 805 1250 invisos,
820 1187 861 1239 sed

111 1263 245 1314 uitdcnihil
256 1259 330 1323 aliud,
340 1265 412 1325 quam
422 1258 534 1327 praedam,
550 1259 643 1327 sperate
654 1262 739 1328 posset.
765 1266 803 1313 Ita
816 1267 861 1314 Pa.
875 1261 923 1335 ‘l'

111 1353 180 1393 trum
192 1339 310 1406 praecipue
318 1352 419 1387 nuncto
430 1337 570 1399 imminuto,
587 1336 669 1388 statuit
685 1339 763 1390 ordios
773 1342 800 1389 in
815 1343 860 1390 Pa-

14 1415 16 1418 ’
111 1432 162 1474 tres
173 1420 266 1482 legete;
283 1420 332 1483 qud
343 1416 507 1483 contemptior
520 1416 642 1482 paucitate
656 1418 707 1483 ipsi
721 1417 783 1467 ordo
795 1417 861 1488 esset,

111 1495 239 1561 minusque
251 1510 294 1562 per
304 1495 328 1546 se
338 1495 399 1546 nihil
410 1495 449 1558 agi
461 1491 653 1557 indignarentur.
686 1495 734 1544 Hic
747 1496 814 1545 enim
821 1511 860 1546 re·

112 1591 173 1641 gum
184 1576 274 1642 primus
291 1571 406 1624 traditiun
417 1571 564 1641 aptioribus
582 1585 677 1621 motem
695 1569 726 1621 de
745 1574 861 1626 omnibus

111 1652 223 1703 senatum
237 1651 377 1702 consulendi
389 1649 480 1701 solvit:
500 1648 635 1702 domesticis
650 1649 754 1702 consiliis
763 1667 861 1722 tempu·-⁴

113 1730 206 1784 blicam
215 1729 414 1782 adnnnistravitu'
424 1729 523 1792 belluini
539 1743 632 1796 pacem,
643 1726 740 1795 soedera,
757 1730 862 1784 societa-

113 1817 151 1858 ιω
163 1823 206 1875 per
220 1806 313 1875 seipse,
324 1821 381 1857 cum
392 1807 482 1873 quibua
490 1805 579 1870 voluit,
589 1803 776 1875 injussu-populi
785 1824 815 1860 ac
825 1810 861 1860 se·
877 1852 880 1860 .

28 1953 29 1957 Ἰ
112 1886 276 1950 tradederit,
287 1884 441 1952 diremitque.
470 1886 623 1942 'Latinorum
633 1882 677 1940 fibi
687 1888 796 1938 unanime
803 1901 861 1952 gen.

113 1975 166 2018 tem
174 1965 329 2032 conciliabat,
344 1964 520 2033 ut‘peregriois
531 1977 629 2030 quoque
641 1963 731 2031 opibus
739 1960 862 2018 tutioc'in·

112 2054 155 2094 tet
169 2042 236 2094 cives
245 2041 311 2094 esset.
339 2057 418 2109 neque
426 2039 538 2108 hospitia
553 2039 629 2090 modo
640 2057 702 2092 cum
716 2043 864 2108 primoribrn

113 2136 209 2189 coccini,
226 2119 267 2170 scd
280 2120 407 2172 affinitates
418 2134 525 2186 quoque,
536 2117 666 2182 jungebat.
692 2118 797 2169 oilavio
805 2121 862 2169 Ma·

113 2201 185 2252 milio
195 2195 344 2264 Tusculano,
354 2198 384 2261 (ia
393 2197 466 2259 longe
475 2197 585 2264 princeps
597 2194 680 2244 Latini
687 2196 791 2245 nominis
802 2205 863 2261 erat,

114 2273 219 2327 fisamae
235 2271 365 2335 credimur,
380 2273 413 2322 ab
428 2273 502 2321 Ulixe
519 2273 620 2336 Deaque
633 2271 702 2320 circe
713 2271 835 2322 oriundus
845 2276 865 2337 e)

116 2351 143 2400 ei
151 2349 267 2402 Mamilio
276 2346 353 2397 filiam
361 2358 467 2413 nuptum
475 2345 528 2406 dat;
546 2360 638 2412 perque
648 2359 688 2393 cas
696 2345 792 2413 nuptias
800 2346 865 2401 mut.-

117 2426 212 2481 toalibi
223 2434 342 2490 cognatos
353 2423 494 2488 amicosque
504 2424 556 2487 ejus
569 2422 700 2479 conciliat..

151 2506 185 2554 L.
196 2504 254 2568 Jam
263 2516 354 2567 magna
363 2499 636 2568 Tarquinii-audomar
647 2499 710 2549 inter
716 2498 865 2555 Latinorum

116 2590 234 2650 proceret
248 2590 319 2640 erat3¹
340 2593 427 2644 quum,
451 2578 477 2627 in
496 2575 562 2635 diem
581 2583 672 2635 certam
688 2585 718 2626 ut
729 2575 763 2651 *ad
778 2576 863 2640 lucum

116 2662 257 2714 Ferentinae
273 2658 432 2721 conveniant,
449 2655 550 2711 indicit:
563 2653 623 2719 else,
640 2669 694 2720 quae
704 2671 776 2720 agere
786 2655 817 2705 de
827 2671 866 2710 ree

116 2739 165 2791 bus
176 2739 348 2792 communibus
359 2737 430 2787 velit.
465 2735 625 2787 Conveniunt
635 2734 772 2805 srequcntes
786 2735 866 2801 primi

116 2819 182 2871 luce.
208 2817 259 2887 ipse
271 2816 422 2883 Tarquinius
434 2815 500 2882 dieto
507 2813 607 2882 quidem
615 2812 738 2873 servavit3
755 2811 865 2878 sedpau·

33 2914 35 2918 ¹
115 2898 143 2946 lo
154 2900 218 2960 ante,
230 2902 305 2958 quam
315 2894 351 2946 sol
362 2894 493 2958 occideret,
510 2893 589 2943 venit.
623 2891 705 2942 Multa
716 2890 752 2939 ibi
760 2891 814 2938 toti
824 2889 866 2955 die

116 2972 144 3025 ia
155 2973 357 3045 conciiovariia
372 2970 466 3043 iactata.
477 2969 630 3026 sermonibus
648 2976 736 3021 ucat..
745 2969 864 3093 ..111qu
888 3042 895 3051 λ

118 3075 151 3113 (τ
189 3075 196 3124 g
312 3062 314 3065 ’
473 3064 513 3103 -ἰ
825 3053 865 3090 ⁶¹·
