1964 3660
112 220 163 275 23⁸
206 213 212 220 “
365 217 401 264 Τ.
435 213 592 263 len

114 303 239 359 Manlium
258 302 284 352 ἃ
303 308 338 369 Q
351 303 485 369 sulpicium
496 301 606 352 consules
617 301 643 350 in
654 308 714 349 ’cunr
724 313 817 356 annum
830 311 861 348 ea·

114 383 186 433 dunt.
209 387 318 431 ceterum
331 385 357 432 in
370 393 423 430 tam
432 379 582 445 discrepante
594 377 704 427 editione
715 378 739 426 8<
752 378 857 428 Tubero

114 459 141 508 dc
159 461 245 508 Macer
260 458 335 507 libros
350 458 438 512 linteos
456 453 566 506 auttores
583 454 744 520 profitentur:
762 463 858 516 neuter,

115 534 228 584 tribunos
239 534 346 583 militum
357 549 388 582 eo
402 547 467 582 anno
484 529 562 595 suissc,
579 531 696 580 traditum
706 535 722 580 a
733 529 858 595 scriptori·

115 611 162 661 bus
173 611 279 675 antiquis
293 610 430 660 dissimulat.
465 609 564 658 Licinio
572 607 648 657 libros
659 606 725 660 baud
737 606 810 656 dubie
820 604 857 655 se-

115 691 158 753 qui
175 688 264 737 linteos
280 688 375 754 placet:
394 687 420 736 ἃ
436 686 541 735 Tubero
559 685 665 734 incertus
684 684 739 733 veri
750 684 791 732 est.
814 681 856 733 sed

112 764 179 816 inter
189 775 280 826 cetera,
296 764 415 816 vetustate
434 765 595 828 incomperta,
612 763 660 811 hoc
671 776 771 826 quoque
782 764 808 810 in
819 761 859 808 in-

115 851 183 891 certo
194 839 308 906 positum.
343 839 507 905 Trepidatum
518 838 544 887 in
555 837 653 886 Etruria
667 838 700 885 est
716 836 770 902 post
784 834 856 885 Fide-

114 933 158 968 nas
170 929 266 984 captas,
279 933 329 966 non
337 917 483 980 Vejentibus
493 914 573 967 solutu
584 907 708 964 exterritis
717 924 784 963 metu
793 912 857 963 fimi-

114 994 144 1044 lis
156 994 256 1058 excidii,
265 994 305 1043 sed
316 994 390 1051 etiarn
402 991 498 1042 Faliscis
512 988 632 1042 memorii
642 992 697 1042 initi
708 991 857 1057 primocuns

115 1070 145 1119 iis
156 1069 228 1118 belli:
246 1085 387 1134 quanquam
397 1067 570 1118 rebellantibus
581 1083 632 1117 non
643 1065 781 1115 adsuerant.
805 1065 857 1130 lgi-

114 1156 156 1194 tur
170 1159 247 1209 quum
258 1144 312 1193 duae
323 1145 445 1207 civitates,
461 1143 547 1209 legatis
557 1144 623 1192 circa
633 1141 764 1191 duodecim
777 1155 857 1208 popu·

113 1220 152 1270 los
164 1220 244 1282 mitiis,
261 1217 434 1286 impetrassent,
450 1228 479 1266 ut
496 1217 527 1267 ad
539 1219 680 1267 Voltumnae
691 1217 777 1267 sanum
793 1216 857 1266 indi·

113 1306 210 1347 ceretur
225 1295 294 1344 omni
311 1296 414 1344 Etmriae
433 1295 581 1355 concilium}
598 1294 669 1342 velut
687 1309 780 1357 magno
799 1293 856 1343 inde

114 1369 223 1420 tumultu
242 1369 394 1429 imminente,
412 1367 507 1417 senatus
524 1371 604 1418 Mam.
616 1367 743 1416 AEmilium
754 1367 859 1421 disiato-

113 1461 167 1498 rem
178 1447 267 1494 iterum
278 1443 327 1492 dici
341 1443 416 1507 jussit.
439 1443 471 1491 ab
488 1459 520 1491 eo
538 1446 570 1492 Α.
582 1443 716 1496 Postumius
729 1444 857 1495 Tubertus

31 1551 37 1557 -
113 1521 227 1584 magister
237 1519 349 1583 equitum
366 1519 398 1568 est
410 1516 500 1579 distus3
516 1517 655 1582 bellumque
671 1526 742 1589 tanto
753 1514 857 1585 majore,

113 1603 189 1664 quam
200 1595 325 1664 proximo,
342 1605 433 1659 conatu
443 1604 589 1661 apparatum
602 1593 644 1657 cll,
661 1603 754 1658 quanto
765 1594 818 1659 plus
830 1609 856 1653 ef

113 1686 152 1725 rat
163 1673 195 1725 ab
207 1673 275 1726 omni
287 1673 384 1723 Etruria
395 1669 507 1741 periculi,
523 1676 597 1738 quam
608 1671 640 1722 ab
651 1668 747 1721 duobus
758 1662 856 1738 populis

116 1750 206 1803 suerat.

147 1829 248 1882 XXIV.
274 1829 311 1880 Ea
332 1845 370 1883 res
389 1830 516 1897 aliquanto
544 1826 725 1897 exspcllatione
744 1825 857 1877 omnium

112 1907 268 1974 tranquillior
278 1907 335 1958 suit.
370 1910 456 1975 Itaque
468 1924 545 1975 quum
558 1907 727 1968 renunciatum
738 1911 752 1954 a
763 1920 857 1954 merca·

114 1985 209 2059 toribus
220 1983 286 2049 esset,
303 1996 391 2051 negata
402 1986 548 2050 Veientibus
559 1986 660 2048 auxilia,
674 1982 795 2049 juffosque
812 1982 857 2035 suo

114 2061 217 2112 confilio
235 2062 327 2112 bellum
346 2062 434 2112 initum
454 2061 502 2112 suis
520 2063 615 2111 viribus
631 2059 741 2124 exsequi,
758 2075 803 2108 nec
814 2058 856 2108 ad·

112 2135 240 2186 versatum
251 2152 332 2186 rerum
350 2153 456 2202 quarere
468 2136 555 2200 socios,
563 2202 566 2207 .
574 2153 630 2185 cum
641 2136 729 2200 quibus
741 2134 807 2202 spem
820 2137 857 2185 in·

112 2223 210 2275 tagram
225 2213 400 2262 communicati
417 2227 468 2262 non
488 2212 550 2260 smt:
568 2223 621 2260 tum
637 2210 748 2271 disiator,
765 2227 796 2260 ne
814 2227 857 2260 ne·

111 2288 246 2353 quicquam
263 2297 356 2336 creatus
373 2285 439 2348 essct,
456 2287 559 2336 materia
575 2285 709 2350 quaereudae
725 2285 791 2334 bello
802 2286 856 2350 glo-

111 2363 156 2413 riae
172 2361 294 2430 adempta,
307 2358 338 2412 vin
350 2377 410 2429 pace
423 2362 515 2429 aliquid
530 2362 610 2428 operis
621 2360 700 2425 cdere,
715 2361 785 2427 ,quod
801 2378 857 2415 mo.-

113 2435 467 2507 trumentumelsctdislatutae,
484 2437 594 2505 cupiens,
611 2436 737 2495 censuram
746 2440 857 2488 minuere

115 2524 202 2582 parat:
219 2512 261 2565 scu
271 2513 374 2564 nimiam
385 2513 529 2580 potestatem
539 2523 614 2578 ratus,
631 2512 672 2564 seu
681 2527 792 2565 nontam
804 2531 857 2564 ma·

114 2590 363 2656 gnitudimhonoris,
381 2598 454 2657 quarn
465 2593 633 2656 diuturnitate,
649 2591 763 2642 offensus.
791 2596 858 2641 Con·

114 2668 187 2720 tione
203 2668 286 2733 itaque
298 2666 428 2733 advocata,
445 2659 595 2735 rempublicam
605 2669 664 2734 saris
670 2669 795 2736 gerendam,
813 2669 857 2735 ait,

113 2753 201 2812 tutaque
216 2745 288 2793 amaia
303 2744 430 2810 prestanda,
454 2747 515 2795 Dear
533 2745 664 2796 immortales
679 2743 805 2813 stascepsse:
821 2746 857 2811 se,

115 2823 168 2888 quad
178 2823 236 2872 iatra
247 2837 322 2882 mrras¹
330 2823 435 2891 agendam
447 2822 503 2890 mser,
519 2822 614 2873 libertati
621 2823 695 2890 papali
706 2823 799 2872 ttamm
808 2839 856 2872 cm-

110 2892 227 2965 saitaram.
250 2900 367 2950 maximam
375 2909 446 2951 mrem
459 2900 503 2966 ejas
511 2900 625 2964 castodiam
636 2898 682 2966 effe,
693 2901 715 2966 fi
725 2918 804 2968 magma
814 2903 858 2951 im-

112 2975 179 3043 Μία
194 2975 296 3036 diuturna
313 2993 354 3034 aaa
363 2978 441 3049 effmt3
458 2979 486 3039 ,st
501 2979 605 3050 emporis
619 2979 690 3034 modus
703 2979 857 3048 imponeretur,

344 3072 348 3077 ·
392 3050 395 3059 ’
433 3064 437 3071 ’
495 3066 498 3071 ’
521 3048 524 3055 ’
547 3060 551 3065 ’
588 3066 590 3071 ’
780 3053 855 3120 quitur
