1964 3660
150 189 202 239 204
414 176 451 228 Τ.
484 177 640 231 L1v11

150 275 230 328 rante,
254 262 294 314 De
307 263 416 330 Patribus,
438 285 478 317 ma
496 269 522 317 rle
540 269 637 333 lojliiur,
656 267 746 335 conspice
765 270 899 338 triumphare
944 325 946 329 ,

151 342 209 392 velte
217 361 224 402 ς
238 342 373 409 gratiamque
382 356 423 410 pro
440 347 532 411 privato
547 349 623 395 merito
635 349 657 394 in
674 346 787 410 tribunum,
804 365 843 396 mort
855 360 898 414 pro

150 418 234 466 virtum
245 417 350 481 bonorem,
366 423 421 486 peti.
446 438 549 486 utinquam
560 428 609 470 anti
620 422 645 468 dr
661 422 768 487 triumpho
775 433 817 488 per
827 434 897 489 prpu-

150 491 195 541 tam
205 492 283 555 alium,
290 495 377 559 semper
387 496 540 559 estimationem
551 497 702 562 arbitriumque
712 498 755 562 rjus
767 497 847 546 srrmris
857 509 897 562 pe·

150 582 187 617 rtet
192 569 292 633 firmatum
299 569 370 636 suiffe.
394 588 420 620 me
430 588 489 638 reges
504 573 587 638 quidem
604 572 734 636 majestatem
745 573 826 637 summi
839 573 897 621 ordi·

147 643 185 694 rtis
196 644 329 712 immimff.
353 665 379 696 me
395 649 428 696 ita
439 649 509 697 orruria
519 649 598 697 tribum
606 649 765 715 potestatissrte
776 649 897 714 implerent,

151 727 176 767 ut
187 719 264 768 nullum
272 721 378 786 pubiicum
389 724 493 790 confilium
506 723 599 788 sinerent
615 724 661 790 effe.
696 729 734 774 Ira
748 724 832 775 demtum
844 725 896 774 libe·

150 809 200 844 ram
211 798 323 847 civitatem
329 800 389 863 fare,
406 802 438 849 ita
454 810 543 867 aquatas
559 801 622 867 leges,
633 801 655 865 ,s
659 803 701 866 fita
711 801 792 867 quisque
796 802 850 863 jura
860 818 895 850 or-

151 871 185 934 da,
195 873 260 937 suam
272 875 401 940 mrp'eslatem
412 887 490 927 terreat.
526 881 554 926 In
567 878 667 927 eandem
679 876 822 927 sententiam
833 879 896 928 mul·
965 902 972 945 ς,

152 956 178 997 ta
189 949 213 998 dc
225 955 239 1000 a
249 954 335 1003 ceteris
352 953 486 1006 senioribus
498 958 597 1003 Petrum
610 970 688 1018 quum
698 953 772 1003 essent
783 954 854 1017 diua,
865 971 895 1005 o·
966 1012 969 1019 ¹

151 1039 220 1076 tunes
238 1030 315 1079 tribus
335 1048 389 1082 eam
407 1033 561 1096 rogationem
572 1040 727 1096 acceperunt.
763 1034 832 1080 Tum
845 1032 894 1096 pri·
958 1052 968 1105 ,ε

151 1106 229 1165 mum,
247 1104 294 1154 srne
306 1107 450 1158 austeritate
461 1106 565 1171 senatuis,
581 1106 667 1174 populi
682 1105 746 1168 jussu
757 1106 894 1174 triumpha·

152 1187 205 1228 tum
218 1180 259 1230 cst.
965 1230 969 1237 ,

184 1259 280 1306 LXIV.
294 1264 352 1311 Haec
364 1261 468 1311 vitioria
479 1261 634 1311 tribunorum
646 1257 770 1325 plebisque
782 1261 857 1326 prope
869 1260 895 1310 in
950 1280 963 1331 :⁵-

118 1388 124 1393 ,
151 1330 217 1381 haud
228 1334 349 1386 salubrem
361 1340 484 1387 luxuriam
497 1331 581 1400 vertit,
593 1336 771 1404 conspiratione
782 1336 844 1385 inter
854 1336 896 1386 tri-
948 1352 954 1373 =

150 1405 231 1458 bunos
243 1411 313 1475 lasti,
330 1427 359 1463 ut
372 1415 446 1463 iidem
458 1415 551 1464 tribuni
561 1413 726 1476 reficerentur,
744 1413 777 1475 u,
789 1429 839 1478 quo
851 1413 894 1468 sua
945 1410 952 1426 ¹

133 1540 137 1549 Ι
150 1485 232 1533 minus
244 1488 364 1552 cupiditas
379 1492 503 1553 emineret,
521 1490 660 1539 consulibus
670 1505 767 1554 quoque
779 1493 905 1540 continu-t

150 1571 220 1613 arent
235 1564 409 1627 magistratum.
445 1565 596 1617 eonsensum
612 1567 711 1615 Parrum
724 1564 893 1630 causabantur,

150 1651 201 1701 quo
213 1654 256 1704 per
273 1644 449 1692 contumeliam
468 1641 596 1692 consulum
612 1638 667 1701 jura
685 1639 762 1704 plebis
776 1641 894 1694 labcsasla

150 1713 233 1783 essent.
252 1721 426 1787 Qirifutmrrm,
443 1721 531 1770 normnm
537 1718 633 1782 firmatis
647 1715 732 1783 legibue,
744 1715 839 1782 fimrvrr
850 1719 891 1767 tri·

149 1790 211 1844 bunos
220 1805 262 1859 prr
267 1797 374 1860 saniores
379 1801 430 1864 strar
441 1797 529 1862 confirser
539 1796 608 1845 adorti
618 1792 699 1861 efflui?
716 1808 755 1842 mn
766 1795 821 1842 erim
831 1796 891 1860 srm-

145 1880 189 1936 per
200 1871 295 1923 Valerios
306 1876 443 1943 Horatiosque
452 1874 540 1941 consules
549 1873 609 1936 sore,
625 1872 659 1938 qai
669 1868 761 1919 libertati
770 1870 893 1936 plelirfirat

149 1957 199 2014 Opts
205 1948 344 2014 postferrert.
378 1954 452 2002 Forte
463 1948 568 2016 quadam
579 1947 633 1997 utili
644 1946 675 1996 ad
689 1956 793 2012 tempus,
810 1958 838 1996 ut
849 1963 892 1996 co·

148 2020 225 2072 mitiis
236 2024 351 2089 praeesset,
367 2027 517 2095 potissimum
528 2026 566 2073 Μ.
583 2022 668 2072 Duilio
680 2019 743 2070 sorte
752 2022 843 2083 evcnit,
853 2023 892 2071 vi·

147 2112 178 2150 to
189 2099 311 2165 prudenti,
328 2103 353 2152 8:
363 2093 395 2152 eit
406 2101 591 2154 continuatione
607 2098 758 2160 magistratus
770 2099 891 2150 invidiam

149 2174 320 2226 imminentem
330 2179 447 2227 cernenti.
470 2178 513 2240 qui
524 2189 601 2238 quum
610 2188 642 2221 ex
654 2175 777 2222 veteribus
788 2177 892 2225 tribunis

149 2263 250 2311 negaret
269 2253 340 2301 ullius
360 2251 384 2300 se
403 2253 524 2300 rationem
541 2248 690 2308 habiturum,
708 2261 891 2313 poenatentque

148 2327 257 2387 collegae,
274 2337 301 2375 ut
319 2327 407 2374 libertis
425 2324 503 2373 tribus
517 2315 547 2371 in*
560 2319 702 2382 suffragium
712 2322 828 2383 mitteret,
846 2333 889 2374 aut

148 2401 293 2453 concederet
304 2400 393 2452 sortem
405 2399 563 2451 comitiomm
574 2396 680 2460 collegis,
698 2396 817 2447 habituris
830 2403 842 2448 ὲ
854 2399 888 2447 le·

148 2493 179 2544 ge
191 2479 274 2546 potius
285 2479 392 2538 comitia,
404 2481 476 2541 quam
487 2489 519 2524 ex
531 2473 658 2522 voluntate
670 2475 768 2522 Panum
778 2494 785 2534 ;
802 2475 890 2539 injcsld

148 2556 315 2619 contentione,
323 2554 428 2613 Duilius,
436 2551 546 2602 eonsules
554 2549 585 2600 ad
594 2548 704 2600 subsellia
710 2550 801 2600 accitos
814 2567 890 2616 quum

121 2628 127 2639 ’
147 2629 324 2696 interrogasset,
341 2627 442 2696 quidde
457 2624 744 2676 eomitiiaconsularibus
762 2627 785 2676 in
805 2629 889 2679 animo

148 2708 275 2771 haberent,
292 2704 521 2774 respondissentque,
538 2702 562 2752 se
580 2717 662 2752 novos
677 2701 784 2752 eonsules
796 2715 889 2754 cream-

129 2801 198 2851 -tos,
215 2784 324 2838 nudiores
338 2774 462 2850 popularis
481 2776 604 2830 sentcntiae
621 2775 686 2828 haud
704 2778 888 2845 popularesna·

148 2863 209 2926 ilus,
225 2864 251 2912 in
262 2861 407 2914 concionem
418 2873 474 2907 cum
489 2857 518 2906 iit
528 2855 648 2924 processit.
683 2855 730 2903 Ubi
743 2871 816 2920 quum
829 2871 888 2906 con-

148 2938 219 3006 sules,
236 2934 388 3006 produsiiad
400 2933 529 3003 populum,
546 2930 747 2998 interrogatique,
764 2928 888 2997 sreotpo-

816 3006 889 3074 pullu
