1964 3660
186 215 285 298 ne,
377 292 380 296 ἦ
446 210 702 266 manvus¹

186 304 295 354 immeriti
301 294 364 370 fitam
376 303 469 371 ipfhrum
480 292 601 372 exemptum
611 307 635 356 in
643 306 681 356 eos'
688 292 810 374 uersuram.
847 294 895 358 Cret
901 296 947 360 ord·

188 391 232 432 tem
247 385 319 448 potitis
331 383 526 451 Campaniagrtem
545 382 769 448 sentententiam,
787 385 876 452 dignam
890 389 949 455 a‘gro

188 457 270 519 arbem,
287 461 322 523 qai
332 475 369 506 nee
381 461 407 524 se
417 474 455 507 nec
465 461 507 524 sua
518 462 586 509 tutari
600 463 685 526 poffmt,
701 462 766 527 quim
777 463 851 511 vitta
860 467 947 514 exerci-

189 542 224 584 tus
235 535 328 598 haberet,
345 538 425 603 quisue
432 537 507 605 sudore
518 538 652 609 aefangeine
664 540 713 588 iiie
724 541 832 590 Samnites
846 543 946 610 depulis-

182 615 239 680 set?
250 614 290 662 An
300 630 378 679 equum
389 613 434 681 ff,
452 615 560 664 dediticios
568 617 620 681 fient
630 616 667 664 itte
673 616 793 680 fertilitate
800 627 863 685 atque
874 637 946 670 amoe·

187 691 256 740 nitate
269 692 371 756 perfrei;
383 692 409 754 se
425 691 537 740 militando
549 691 627 757 seffor,
643 693 666 740 in
681 692 789 758 pestilenti
799 704 863 761 atque
881 685 948 746 arido

187 769 245 816 eirca
256 767 328 815 urbem
334 768 379 833 snb
390 767 474 830 uitari,
491 777 528 816 aet
539 768 562 817 in
573 769 623 816 arte
633 761 754 833 infidentem
765 773 839 820 tabem
847 775 945 839 crescen-

187 845 217 894 tis
231 845 254 892 in
264 845 309 893 dier
315 844 408 908 fenoris
422 846 494 911 pati?
528 848 587 895 Haec
597 848 690 910 agitata
700 848 804 896 oectdtis
820 851 943 913 eorsJura·

188 921 306 984 tionibus,
324 937 369 969 nec
387 921 447 970 dum
457 921 559 986 vulgata
576 923 602 971 in
618 930 704 972 ornnes
716 917 824 987 consilia}
843 927 946 976 invenit

188 1013 271 1048 novus
283 998 367 1047 consul
386 1002 414 1047 C.
427 1000 537 1049 Marcius
548 1001 654 1065 Rutilus,
672 1002 714 1051 cui
725 1005 861 1070 Campania
874 1003 944 1055 sorte

187 1077 320 1142 provincia
331 1086 455 1140 evenerat,
475 1081 509 1141 Q.
523 1078 628 1128 Servilio
640 1079 734 1143 couegt
742 1079 773 1128 ad
784 1081 871 1130 urbem
883 1082 944 1130 reli·

188 1152 238 1203 [io.
274 1158 361 1219 Itaque
377 1171 453 1219 quum
473 1157 557 1205 omnia
577 1164 614 1216 e'n,
638 1157 698 1207 sicut
716 1150 780 1222 gesta
798 1169 878 1222 erant,
896 1175 944 1227 per

188 1232 302 1280 tribunos
322 1244 448 1300 comperta
468 1233 577 1297 haberet,
608 1234 634 1284 dt
651 1242 721 1282 aetate
734 1234 766 1284 -&
784 1232 830 1283 usu
850 1234 939 1286 doiius

188 1311 290 1375 (quippe
302 1311 345 1374 qui
360 1311 413 1372 jam
430 1315 546 1375 quartum
562 1309 655 1367 consul,
665 1309 730 1374 effer,
748 1310 901 1377 diitatorque
916 1313 943 1365 ἃ

187 1385 274 1435 censor
285 1385 374 1451 fuisset)
392 1389 516 1453 optimum
527 1397 602 1451 ratus,
619 1386 755 1437 differendo
768 1386 843 1454 spem,
859 1384 941 1452 quan·

188 1462 319 1528 docunque
330 1466 430 1528 vellent,
443 1465 537 1514 consilii
549 1464 707 1530 exsequendi,
716 1465 847 1533 militarem
858 1467 941 1534 impe-

189 1549 243 1590 tum
255 1540 377 1603 smstrari;
396 1557 520 1591 rumorem
537 1540 640 1607 diffipat,
658 1543 685 1591 in
702 1542 785 1591 iisdem
801 1541 941 1608 oppidis&

188 1616 257 1670 anno
267 1621 320 1687 post
335 1620 442 1688 praesrdia
457 1618 622 1691 hibernatura.
641 1620 721 1671 divisa
734 1620 799 1669 enim
812 1629 882 1669 erant
895 1637 942 1688 per

191 1701 334 1766 Campania
351 1700 430 1762 urbes,
447 1703 683 1764 manaverantquea
702 1701 785 1764 Capua
796 1697 896 1746 consilia
913 1700 941 1748 in

190 1779 327 1828 exereitum
339 1795 447 1829 omnem.
484 1781 521 1828 Eo
535 1766 680 1827 iaxamento
691 1775 882 1841 cogitationibus
894 1776 938 1827 da·

190 1865 227 1920 to,
245 1857 339 1921 quievit
351 1858 375 1905 in
388 1856 515 1923 prasentia
527 1854 623 1904 seditio,
638 1858 641 1865 '

224 1938 351 1983 XXXIX.
372 1931 470 1998 Consul,
481 1934 568 1983 edotio
579 1935 605 1983 in
614 1932 696 1983 aestiva
707 1932 795 1997 milite,
813 1931 872 1982 dum
881 1933 939 1998 qui-

189 2021 244 2060 etos
256 2013 373 2060 Samnites
386 2011 499 2075 habebat,
517 2011 653 2060 exercitum
669 2024 774 2077 purgare
788 2009 941 2060 miffionibus

189 2089 388 2138 turbulentorum
407 2089 535 2136 hominum
550 2078 661 2148 instituit,
678 2086 731 2135 aliis
744 2087 844 2135 emerita
855 2085 940 2136 dicen·

189 2163 223 2212 do
235 2165 351 2230 stipendia
372 2163 426 2227 effe,
443 2165 504 2212 alios
525 2153 675 2226 graves-jain
687 2172 765 2225 aetate,
782 2172 826 2210 aut
842 2163 941 2213 viribus

189 2257 277 2309 parum
298 2242 402 2291 validos.
427 2241 527 2308 quidam
548 2243 574 2291 in
594 2250 745 2290 commeatus
766 2240 942 2306 mittebantur,

189 2317 276 2379 finguli
289 2320 377 2381 primo,
390 2318 482 2366 deinde
500 2318 532 2367 &¹
545 2319 659 2367 cohortes
669 2315 786 2381 quedam,
804 2315 862 2378 quia
878 2332 940 2381 pro·

184 2395 230 2454 ,cul
242 2395 272 2444 ab
284 2393 360 2444 domo
372 2411 404 2444 ac⁴
419 2392 491 2444 rebus
503 2394 550 2445 suis
566 2394 735 2444 hibernassent.
774 2393 819 2440 Per
829 2390 941 2457 speciem

189 2473 265 2522 etiam
282 2463 426 2523 militarium
443 2472 540 2535 usuum,
557 2486 633 2537 quum
644 2465 755 2519 alii'aiio
771 2468 940 2533 mitterentur,

189 2566 280 2614 magna
292 2565 347 2617 pars
364 2551 478 2615 ablegati.
497 2565 570 2615 quarn
582 2541 766 2597 multitudinem
781 2545 866 2596 consul
877 2548 942 2599 alter

187 2628 278 2676 Roma
294 2637 440 2694 paratorque,
468 2626 527 2675 alias
543 2639 575 2674 ex
593 2623 646 2672 aiiis
661 2621 778 2686 fingendo
792 2637 883 2686 moras,
900 2638 940 2671 re-

190 2705 294 2755 tinebat.
330 2709 361 2754 Et
376 2700 459 2771 'primo
475 2704 582 2770 quidem,
599 2698 680 2766 ignaii
691 2699 873 2768 ludificationis,
890 2701 941 2750 m'i·

189 2779 257 2832 nime
266 2783 340 2831 inviti
352 2777 439 2831 domos
447 2777 598 2830 'revisebant
617 2776 744 2847 postquam
754 2795 833 2845 neque
846 2781 942 2830 reverti

190 2857 222 2911 ad
240 2861 304 2924 signa
316 2861 416 2926 primos,
433 2855 478 2908 nec¹
490 2859 567 2908 ferme
577 2859 662 2921 alium,
681 2864 755 2924 quam
767 2859 809 2923 qui
824 2859 850 2906 in
865 2862 942 2908 cam·

192 2939 265 3006 pania
280 2934 449 3000 hibernassent,
468 2933 639 3003 praecipue‘que'
652 2951 686 2985 ex
704 2938 734 2986 iis
752 2929 878 2986 seditionis
894 2927 944 2986 au-

191 3016 269 3069 etores
278 3014 482 3080 mimviderunu
497 3008 759 3085 praematuram,
775 3010 943 3133 deindphbaud

863 3095 880 3131 u
898 3095 941 3132 nus
