1964 3660
159 200 208 278 5³2
414 196 643 267 r.r,'1v11
696 231 697 234 ¹

158 304 237 356 mauis
249 301 325 367 salim
342 302 368 354 dr
380 304 504 371 colloquia
516 303 630 371 permissu
646 303 823 369 imperatorum
833 302 904 351 habi-

158 393 201 432 ta·
220 383 347 448 inquibus
366 399 443 448 quum
462 381 597 431 identidem
613 381 680 430 Galli
700 378 792 428 samem
809 378 905 442 objice·

158 459 462 524 rent,elqucnecess1tatc
482 459 513 509 ad
532 439 685 508 deditionem
697 466 825 518 vocarent,
842 396 906 505 dici·

158 536 201 586 tur
211 535 383 587 avertendae'
361 552 383 599 eJ
385 551 413 586 us
373 537 556 609 Jopinionis
571 536 642 584 causi
658 534 740 583 multis
759 533 820 583 locis
837 534 908 600 panis

159 612 191 662 de
204 612 328 679 Capitolio
336 611 440 676 jattatus
449 613 510 661 esse'
503 629 529 661 m
541 611 646 662 hoslium
655 611 777 670 stationes.
805 609 864 658 Sed
855 624 908 674 Jam
941 649 944 661 .

160 702 240 753 neque
251 687 399 755 dislimulari,
415 704 494 755 neque
505 688 563 738 ferri
574 688 637 738 ultra
647 687 724 737 sames
739 696 847 753 poterat.
882 689 907 735 1-

160 772 242 828 taque,
260 764 320 814 dum
330 765 435 815 distator
446 764 569 816 deleslum
575 763 650 832 perse
663 763 749 812 Ardea
760 763 844 827 habet,
855 759 907 811 ma·

71 898 76 904 ,
160 840 261 906 gistrum
280 844 392 906 equitum
409 845 440 891 L.
462 842 590 891 Valerium
608 846 622 890 a
638 840 708 904 yejis
731 834 853 888 abducere
863 854 908 888 cx-

151 918 267 969 'ercitum
281 920 360 983 jubet,
378 930 456 987 parat,
473 919 624 985 instruitque,
641 919 730 984 quibus
746 917 812 968 haud
830 921 910 985 impar

109 990 140 1033 ’ἶ
161 995 290 1047 adoriatur
300 997 396 1047 hostes:
414 997 513 1047 interim
526 996 679 1063 Capitolinus
694 997 824 1059 exercitus,
842 994 909 1043 stati·

160 1074 251 1124 onibus
267 1074 407 1141 vigiliisque
421 1073 500 1139 leffus,
518 1073 635 1141 superatis
652 1083 735 1122 tamen
752 1073 865 1122 humanis
880 1087 908 1120 ο-

162 1151 263 1201 mnibus
274 1148 354 1214 malis,
367 1166 444 1217 quum
454 1150 545 1201 samem
556 1165 631 1200 unam
639 1159 727 1199 natura
738 1149 806 1199 vinci
817 1162 868 1198 nou
880 1146 910 1196 sr-

163 1237 240 1291 ncret‚
258 1225 325 1276 diem
341 1225 372 1277 de
390 1226 431 1277 die
450 1225 613 1295 prospeslans,
632 1226 728 1291 ecquod
746 1224 868 1274 auxilium
879 1223 911 1274 ab

163 1301 283 1352 distatore
299 1313 442 1369 appareret;
462 1303 584 1370 postremo
603 1298 645 1367 l'pe
663 1316 763 1367 quoque
779 1297 845 1365 jam,'
859 1315 912 1349 non

163 1377 244 1429 solum
265 1379 330 1443 cibo,
347 1379 485 1443 deficiente,
504 1379 538 1443 &,
563 1393 641 1443 quum
660 1377 774 1428 stationes
794 1374 912 1445 procede--

163 1466 228 1519 rent,
245 1455 322 1523 prope
336 1456 498 1506 obruentibus
517 1455 643 1505 infirmum
664 1470 753 1522 corpus
771 1455 854 1518 armis,
870 1453 913 1501 vel

164 1529 230 1596 dedi,
247 1531 289 1581 vel
307 1531 393 1581 redimi
410 1531 443 1597 se,
460 1545 606 1596 quacunque
618 1528 731 1597 passione
743 1529 845 1599 possent,
860 1529 913 1594 jus-

164 1607 210 1668 fit3
226 1605 374 1671 instantibus
385 1623 436 1658 non
451 1607 554 1660 obscure
566 1607 651 1670 Gallis,
669 1607 734 1657 haud
748 1608 837 1672 magus
848 1620 913 1657 mer-

165 1682 225 1733 cede
236 1681 260 1731 se
271 1680 360 1734 adduci
371 1682 447 1752 posse,
459 1696 487 1734 ut
501 1682 652 1734 obsidionem
664 1683 812 1749 relinquant.
842 1686 913 1732 Tum

164 1759 262 1811 senatus
274 1762 380 1827 habitus,
397 1760 551 1829 tribunisque
560 1761 667 1811 militum
684 1761 811 1824 negotium
819 1758 913 1826 datum,

167 1850 196 1889 ur
208 1838 395 1906 paciscerentur.
420 1840 490 1890 'Inde
501 1841 567 1890 inter
581 1842 617 1903 Q.
635 1838 769 1904 Sulpicium
785 1837 914 1887 tribunum

167 1919 274 1969 militum
283 1918 308 1969 ἃ
318 1921 442 1968 Brennum
451 1918 561 1984 regulum
568 1917 698 1967 Gallorum
707 1917 832 1982 colloquio
841 1912 917 1965 trans*-

168 1993 222 2044 aela
235 2010 272 2044 res
283 1994 324 2059 est,
341 1993 367 2045 dr
378 1995 445 2045 mille
457 1993 541 2062 pondo
557 1994 610 2044 auri
621 1993 728 2060 pretium
742 1991 827 2060 populi
836 1992 916 2057 genti·

169 2071 216 2122 bus
232 2086 293 2122 mox
306 2072 451 2138 imperaturi
467 2071 567 2122 sadum.
602 2072 656 2134 Rei,
674 2070 804 2121 soedislimae
820 2085 864 2137 per
884 2069 919 2135 se,

169 2147 265 2212 adjesla
282 2147 415 2214 indignitas
426 2148 468 2198 est.
485 2147 594 2215 pondera
605 2148 637 2196 ab
649 2147 726 2196 Gallis
737 2147 809 2196 allata
823 2148 919 2213 iniqua,
948 2153 950 2157 '

169 2224 206 2286 ἃ,
224 2225 324 2273 tribuno
334 2224 468 2287 recusante,
485 2223 581 2273 additus
590 2224 622 2271 ab
631 2222 750 2273 insolente
769 2223 843 2272 Gallo
855 2240 920 2290 pon·

169 2297 223 2348 deri
235 2299 343 2363 gladius:
361 2299 492 2366 auditaque
508 2298 662 2349 intoleranda
672 2300 791 2350 Romanis
803 2314 866 2366 vox,
884 2301 922 2352 Ve

170 2377 240 2427 vittis
251 2375 308 2443 effe:

206 2457 305 2506 XLIX.
324 2453 370 2506 Sed
383 2454 475 2520 Diique
487 2453 513 2505 ἃ
528 2453 641 2503 homines
658 2453 807 2521 prohibuere
821 2455 919 2506 redem-

170 2544 230 2605 ptos
242 2535 330 2584 vivere
342 2537 476 2584 Romanos.
494 2548 550 2582 nam
562 2530 627 2582 sorte
636 2531 748 2598 quddam,
766 2533 920 2599 priusquam

173 2611 275 2664 infanda
286 2626 378 2661 merces
390 2610 554 2677 perficeretur,
566 2625 610 2678 per
617 2611 799 2661 altercationem
810 2609 921 2660 nondum

174 2691 246 2741 omni
255 2703 316 2739 auro
324 2686 441 2755 appenso,
450 2687 553 2737 dltlator
562 2688 711 2747 intervenlt3
728 2685 867 2751 auferrique
876 2700 921 2735 au-

175 2782 232 2818 rum
241 2764 372 2825 demedio,
389 2765 414 2814 dr
425 2765 510 2818 Gallos
526 2764 755 2828 submoverijubet.
792 2765 877 2825 Quum
886 2762 922 2812 illi

173 2846 309 2895 renitentes
326 2840 409 2911 pastos
427 2841 536 2892 dicerent
553 2841 610 2905 sese,
627 2851 700 2906 negat
717 2855 771 2889 eam
783 2838 921 2905 pastionem

172 2931 256 2971 ratam
266 2918 313 2969 esle
314 2934 390 2984 „qute
398 2917 525 2985 postquam
536 2917 586 2984 ipse
595 2880 699 2968 difflatur
707 2927 800 2967 creatus
809 2912 922 2976 essct,in-

136 3032 143 3046 -.
172 2994 243 3070 ¹iussu
252 2994 297 3052 suo
311 2994 344 3047 ab
354 2992 499 3049 inferioris
489 2995 552 3060 jutis
564 2991 710 3060 magistratu
720 2989 782 3044 aaa
791 2987 924 3043 elsewh-

168 3106 178 3121 Δ
808 3063 922 3121 nunciat
