1964 3660
344 206 407 253 »ιι
427 207 445 253 ιι
462 207 523 254 ιιι
556 207 619 254 vn.
810 223 858 269 μς

122 300 169 341 emt.
204 291 252 355 Aee,
264 289 286 355 Ji
296 289 347 339 ultio
358 292 393 339 ire
403 290 450 353 hoc,
468 292 494 339 dr
506 309 545 340 uon
556 292 630 355 oeeafio
644 291 769 356 cupiditatis
780 295 867 359 explere·

123 371 152 418 du
163 367 218 436 mser,
232 379 311 434 porum
318 370 373 432 fuit,
391 369 444 432 qudd
448 369 516 431 semel
526 371 549 416 in
566 371 657 418 Sidicino
673 385 732 435 agro,
750 370 829 419 iterum
843 371 867 420 ire

125 449 244 510 Campania
254 447 299 510 ipſse
315 446 404 511 legiones
421 444 499 506 nostras
516 447 626 494 cecidere?
660 449 713 510 Qua
729 446 809 510 eslijia
820 457 869 497 tam

123 521 200 583 infesta
211 523 251 586 ira,
268 539 331 588 quam
339 534 381 587 per
391 521 443 569 duas
452 522 508 568 acies
515 522 668 587 fufiesfimguis
680 523 763 588 explere
777 542 817 574 non
824 536 866 590 po·

122 599 208 647 tuerit?
241 600 306 648 Adde
325 599 363 646 hue
370 598 528 664 populationem
547 614 653 663 agrorum,
669 601 750 664 predas
760 601 867 651 bominum

122 683 184 739 atque
191 666 295 739 pecudum
305 675 371 739 atlas,
389 676 483 724 incendia
494 675 597 732 uillarum
608 690 634 722 aa
644 676 724 736 ruinas,
741 680 811 727 emnia
816 679 868 742 sen

121 766 147 798 ro
158 753 242 817 ignique
252 753 347 817 voestata.
381 753 471 818 Hiseene
481 753 516 801 ira
526 752 606 816 expleri
614 768 654 800 non
660 754 750 817 potuit?
784 757 827 803 Sed
834 770 868 803 eu·

120 829 202 894 piditas
213 829 313 893 explenda
324 831 362 892 est.
385 845 409 877 ea
421 830 449 878 ad
457 830 619 896 oppuguandam
631 831 726 892 Capuam
737 831 804 894 rupit.
830 840 868 881 aut
957 838 962 848 ¹

121 905 189 954 delere
205 908 277 955 urbem
291 906 467 971 pulcherrimam,
483 916 522 956 aut
538 905 579 971 ipfi
570 906 693 971 epoffedere
707 905 791 956 uol.unt
825 907 869 956 Sed

121 997 162 1030 vos
170 983 250 1044 potius,
267 982 356 1029 Romani
358 982 476 1044 ,beneficio
488 981 558 1044 oestro
575 989 674 1045 occupate
691 995 750 1041 eam,
762 982 827 1046 qudm
839 981 868 1030 il·

121 1058 151 1106 los
163 1056 237 1106 habere
245 1069 286 1123 per
296 1057 423 1120 maleficium
428 1056 537 1132 finatis.
536 1060 605 1106 Non
622 1057 692 1121 loquor
703 1055 760 1120 opud
770 1058 867 1119 recusam

121 1130 229 1193 temjulla
240 1130 413 1196 b3ellapopulum
424 1113 547 1195 sedtumda
548 1131 589 1195 ,st
598 1128 869 1194 ostenderiti'saueeiliave-

117 1207 177 1270 stra,
191 1206 277 1256 nobella
293 1207 481 1274 quedemeretror
489 1208 529 1259 ue
530 1225 549 1258 es
560 1220 611 1274 opus
616 1209 678 1272 forr
713 1209 783 1273 Usque
793 1209 822 1256 ad
831 1224 880 1260 aas¹

122 1292 253 1348 contemptus
265 1285 392 1333 Samnitium
401 1286 512 1350 pervenit,
523 1288 594 1351 supra
605 1302 645 1334 non
660 1285 758 1349 escendit.
793 1287 868 1350 Itaque

120 1359 198 1408 unelrd
209 1359 365 1422 ursiniauxilii‚
382 1362 483 1424 Romani,
499 1363 544 1428 tegi
550 1360 672 1428 peffumus:
689 1361 785 1426 quicquid
794 1360 868 1410 deinde

121 1434 263 1500 habuerimus,
280 1437 431 1503 quiequidipst
442 1440 561 1502 fuerimus,
576 1439 673 1502 vestrum
690 1438 783 1487 idemne
794 1437 866 1501 existi·

121 1514 211 1562 maturi.
245 1513 308 1563 Vobis
324 1512 421 1563 arabitur
436 1531 489 1581 aget
505 1518 635 1581 Campanus,
651 1513 713 1577 velie
729 1516 802 1580 Capua
818 1516 868 1564 urbe

114 1588 307 1655 frequentabitur.-
330 1591 467 1653 conditorum,
481 1600 604 1656 parmenae,
624 1593 722 1639 Deorum
739 1589 867 1639 immortali·

121 1683 159 1717 eene
169 1681 255 1714 numera
274 1664 330 1714 uelis
341 1667 411 1715 ere'te's.
446 1656 518 1714 Nulla
526 1667 607 1714 'calama
625 1664 698 1727 vestra
708 1665 759 1727 erit,
775 1680 817 1729 que
830 1681 867 1725 noo

120 1741 211 1807 obsequio
222 1755 330 1805 erga-ves
340 1740 424 1805 fideque
429 1741 525 1804 superet.
559 1739 761 1807 Anuuiteantres
776 1741 865 1804 constri-

76 1876 81 1882 .
119 1816 164 1883 pti,
180 1823 254 1864 nutum
264 1827 378 1878 numenque
389 1813 486 1876 vestrane
500 1811 605 1861 invidum
621 1813 745 1876 Corporis,
763 1812 789 1861 ir
792 1811 867 1875 jubete

113 1894 215 1958 sperare,
230 1889 355 1940 incolumem
367 1889 579 1954 Capuomsuturm
605 1889 658 1954 Qud
662 1886 787 1956 frequentia
797 1889 866 1939 emed-
936 1885 941 1892 ’

117 1985 157 2017 um
166 1981 270 2033 generum
281 1964 422 2014 multitudinis
430 1967 565 2030 prosequente
576 1964 661 2012 creditis
674 1978 711 2012 nes
724 1963 781 2012 illine
787 1964 866 2029 profe.
912 1972 913 1975 ’

118 2044 186 2094 teos?
201 2045 267 2110 qudm
280 2043 351 2092 omnia
362 2051 462 2092 votorum
479 2042 654 2106 lacrimarumque
666 2039 731 2104 plena
740 2039 866 2105 reliquiffee’

119 2120 144 2170 ln
161 2135 203 2184 que
219 2132 272 2166 nune
290 2115 441 2182 exspellatione
452 2118 551 2182 senatum
566 2114 707 2182 populumque
724 2116 865 2179 Campanum,

118 2194 217 2260 conjuges
227 2190 337 2258 liberosque
353 2191 431 2254 uestros
441 2191 501 2259 effe?
535 2194 600 2241 Stare
615 2205 697 2240 omnem
709 2189 866 2240 multitudinem

119 2271 149 2321 ad
156 2279 239 2334 pereas,
255 2269 318 2318 uiam
334 2268 381 2318 hinc
392 2268 503 2333 ferentem
519 2267 684 2334 proppeiiuntes,
701 2275 782 2324 eertum
793 2264 865 2331 baleo,

118 2345 170 2411 quid
180 2345 221 2393 illis
231 2361 276 2406 nae,
292 2348 372 2394 Patres
383 2346 501 2411 empiripei,
513 2345 611 2410 stodieitis
631 2359 655 2392 ae
670 2344 805 2408 pendentiles
816 2345 864 2394 arei-

119 2419 152 2468 eni
166 2419 289 2471 renunciare
300 2417 403 2482 jubeatis
437 2420 540 2467 Alterum
550 2420 670 2482 responsum
675 2417 777 2480 salutem,
794 2418 864 2467 villo·

119 2492 185 2553 riuoe,
202 2491 276 2552 lucem,
293 2505 317 2538 ac
326 2488 459 2549 libertatem
476 2490 566 2538 alterum
577 2491 667 2536 ominare
662 2487 758 2551 'bomem
775 2504 818 2553 que
823 2491 864 2551 fe·

118 2579 164 2622 rat.
199 2566 291 2615 Proinde
302 2575 326 2614 ut
344 2573 382 2616 aut
400 2565 426 2612 de
438 2565 516 2627 vestris
527 2566 612 2633 suturis
625 2564 690 2631 sotiis
704 2572 766 2636 atque
779 2566 863 2629 amicis,

118 2653 157 2699 aut
168 2645 265 2708 nusquam
276 2641 324 2690 ulie
330 2641 416 2705 futuris
425 2658 451 2690 no
452 2639 483 2690 iis
493 2642 599 2706 consulite

155 2719 257 2767 XXXI:
271 2716 403 2766 summotis
420 2715 507 2766 deinde
525 2715 620 2779 legatie,
643 2729 719 2804 quum
739 2713 866 2774 consultae

120 2791 216 2845 senatus
228 2790 292 2854 effet,
310 2793 351 2842 etse
364 2807 457 2855 magnae
468 2793 531 2857 parti
544 2793 599 2841 urbs
610 2791 720 2839 maxima
731 2790 864 2855 opulentis-

119 2870 225 2934 fimoque
243 2867 328 2931 Italiae,
344 2868 481 2917 uberrimus
501 2881 560 2930 ager
581 2866 691 2930 marique
708 2866 863 2932 propinquus

121 2947 153 3006 ed
165 2948 293 3000 varietates
304 2961 407 3004 annone
418 2946 533 2999 horreum
545 2945 632 3017 populi
642 2944 748 2997 Romani
761 2942 822 3000 sore
825 2944 862 2995 vi-

740 3017 866 3096 <lebetum³
