1964 3660
331 211 582 277 ιιιιιιιιιι.
647 226 650 234 ·
790 228 847 288 ιιι,

93 316 221 369 Lucretius
233 312 358 384 prael'eiius
369 316 445 380 urbia,
462 326 490 364 ut
501 314 607 366 atiliones
615 311 753 363 tribuniciae
764 314 790 363 in
798 315 843 366 ad·

94 405 197 444 ventum
214 392 342 444 consulum
361 392 528 442 differrentur.
562 395 621 442 Erat
638 392 663 440 8<
674 406 742 441 nova
754 403 845 440 exorta-

83 470 267 525 oausamotus.
303 473 335 518 A.
349 469 476 520 Cornelius
492 468 518 518 ἃ
539 471 572 532 Q.
585 467 699 516 Servilius
714 466 848 531 quaestores

94 551 133 597 M.
146 545 256 611 Volscio,
274 546 339 610 quod
350 544 424 596 salsus
437 543 586 595 hauddubie
600 543 664 592 tellis
675 544 701 592 in
713 543 844 595 Kaelonem

93 622 226 687 exstitilstt,
243 623 309 673 diem
322 621 446 672 dixerant.
471 620 554 669 multis
573 621 639 669 enim
657 621 787 669 emanabat
803 621 848 670 ιιι·-

93 699 172 764 ditiis,
189 714 269 766 neque
285 697 386 750 fratrem
397 696 499 760 Volscii,
516 711 548 744 ex
562 712 612 760 quo
633 695 706 747 semel
723 696 798 747 fuerit
809 713 845 758 na
937 744 938 751 χ

94 789 145 838 ger,
162 789 272 839 unquam
284 788 336 823 non
353 771 429 822 modo
440 770 522 819 visum
534 771 559 818 in
578 770 687 836 publico,
705 769 745 819 led
763 786 793 819 ne
805 769 843 820 as·

92 848 220 900 surrexiffe
230 848 332 915 quidem
344 863 378 898 ex
389 846 487 909 morbo,
504 844 689 910 multorumque
706 845 762 894 tabe
773 861 843 896 men-

92 925 154 982 sium
163 936 307 976 mortuum:
323 939 369 984 nec
385 924 422 974 his
434 922 597 989 temporibus,
614 925 640 972 in
652 939 706 994 quae
719 923 782 972 tellis
794 923 842 972 cri-

93 1019 151 1073 men
165 1001 320 1066 conjecisset,
331 999 459 1051 Kaesonem
476 1004 563 1050 Romae
578 999 679 1050 visum:
698 1001 844 1050 affirmanti·

92 1079 148 1142 bus,
163 1080 207 1143 qui
218 1083 266 1128 una
283 1087 431 1140 meruerant,
449 1073 532 1124 secum
550 1091 607 1124 eum
624 1086 677 1124 tum
689 1058 849 1141 frequentem

92 1155 125 1215 nd
135 1154 202 1218 signa
213 1154 261 1204 fine
275 1153 326 1203 ullo
343 1162 482 1203 commeatu
493 1150 572 1202 fuill'e.
606 1154 633 1202 ni
649 1152 685 1201 ita
696 1142 762 1218 eilet,
779 1153 847 1218 mul,

93 1231 114 1283 ti
125 1231 242 1297 privatim
256 1230 369 1281 ferebant
380 1228 482 1280 Volscio
497 1227 600 1291 judicet
637 1233 722 1295 Quum
733 1229 764 1280 ad
775 1229 844 1294 judi-

93 1308 160 1359 cimn
170 1308 205 1358 ire
215 1322 267 1358 non
277 1306 386 1370 auderet,
403 1321 490 1357 omnes
501 1321 535 1355 eae
549 1321 594 1373 ree,
612 1305 638 1355 in
649 1321 726 1356 unum
738 1321 847 1373 congru

26 1397 34 1409 ·
94 1394 170 1449 cutes,
181 1384 247 1435 haud
255 1385 334 1450 magis
345 1381 446 1434 dubiam
457 1382 641 1434 damnationem
653 1382 756 1448 Volscii,
768 1388 849 1450 quam

82 1459 204 1520 ansonis
215 1460 317 1512 Volscio
332 1459 391 1510 teste
402 1448 491 1522 fuerit,
508 1456 706 1508 iaciebantur
717 1475 787 1510 mora
799 1459 844 1510 tri·

93 1535 156 1589 lumi
166 1548 244 1603 erant,
261 1540 304 1605 qui
320 1537 422 1588 comitia
434 1536 560 1603 quaeilorea
576 1536 667 1586 habere
684 1535 714 1586 de
729 1552 782 1601 reo,
799 1536 848 1589 niu

94 1615 164 1682 prius
175 1613 296 1665 habitade
307 1614 361 1678 lege
372 1611 455 1675 client,
472 1609 582 1677 paliuros
594 1612 728 1676 negabant.
751 1612 787 1661 ita
798 1627 844 1663 ex·
869 1604 888 1714 ς

94 1689 170 1752 maiia
178 1701 281 1757 utraque
296 1691 368 1740 resin
385 1687 514 1741 consulum
525 1687 661 1740 adventum
670 1687 711 1738 est.
736 1689 788 1753 Qui
799 1689 849 1741 ubi-

93 1770 272 1837 triumphantea
291 1765 385 1819 viiiore
408 1783 465 1819 eum
484 1765 595 1817 exercitu
616 1766 704 1817 urbem
726 1766 848 1834 inierunt,

93 1847 151 1913 quia
167 1846 288 1897 filentium
303 1844 336 1905 de·
346 1845 401 1910 lege
412 1855 472 1910 erat,
490 1843 715 1913 perculsonmagna
726 1860 780 1912 pars
792 1860 844 1896 cre·

92 1922 184 1985 debant
194 1923 316 1974 tribunos.
351 1921 433 1972 Atilii
449 1922 551 1984 (etenim
565 1933 707 1972 extremum
723 1921 848 1987 annijam

93 2002 154 2065 erat)
171 2010 288 2066 quartum
306 1997 444 2049 affeiiantes
455 1997 625 2064 tribuentium,
642 2000 669 2052 ἰιι
683 2000 851 2065 comitiorum

92 2075 298 2144 disceptationem
308 2074 346 2134 ,ab
356 2073 409 2139 lege
418 2083 540 2125 certamen
553 2085 702 2126 averterant.
732 2077 846 2143 &quum

93 2154 204 2207 conlulec
214 2151 294 2203 nihilo
310 2152 391 2202 minus
408 2149 524 2202 adversus
540 2153 753 2204 continuationem
765 2154 849 2206 tribu·.

93 2229 172 2294 natus,
183 2227 283 2294 quamfi
294 2226 336 2278 lex
347 2225 487 2277 minuendae
498 2225 546 2277 suae
557 2227 687 2292 majestatis
700 2230 772 2279 causi
784 2244 843 2298 pro·

92 2306 203 2374 mtdgata
217 2303 330 2369 serretur,
347 2301 509 2368 tetendiffent,
526 2302 632 2355 viiioria
650 2307 789 2357 certaminis
800 2322 843 2375 pe·

93 2399 135 2434 nea
148 2384 260 2434 tribunos
271 2383 328 2433 suit.
363 2382 458 2434 Eodem
473 2393 539 2433 anno
550 2385 636 2450 AEquis
648 2401 699 2454 pax
710 2386 743 2437 est
757 2397 844 2454 peten-

93 2458 161 2511 tibus
173 2458 239 2509 data.
274 2455 374 2523 Census,
390 2473 429 2510 rea
439 2458 522 2526 priore
541 2461 607 2511 anno
625 2461 750 2526 inchoata,
767 2460 843 2528 perfi-

94 2534 174 2587 citur:
189 2534 264 2600 idque
274 2534 376 2585 lustrum
392 2535 424 2586 ab
436 2536 532 2602 origine
544 2537 613 2587 urbis
623 2537 745 2587 decimum
756 2536 843 2589 condi·

94 2622 157 2663 tum.
191 2613 300 2663 Fuerunt
313 2611 384 2667 censa
407 2613 503 2664 civium
522 2604 604 2683 capita
621 2626 720 2666 centum
736 2614 848 2686 septem·

94 2689 175 2741 decim
185 2688 261 2739 millia
272 2700 381 2741 trecenta
389 2692 572 2745 novemdecim.
609 2692 743 2744 Consulum
751 2707 846 2756 magna

95 2766 164 2820 domi
183 2767 287 2839 bellique
303 2784 334 2818 eo
350 2786 416 2820 anno
431 2772 509 2837 gloria
523 2772 589 2828 fuit:
607 2772 673 2839 qubd
684 2774 709 2823 ἃ
726 2771 786 2820 ιοιιι
796 2786 845 2838 pa

95 2862 151 2897 cem
166 2861 289 2913 peperere,
313 2847 339 2897 ἃ
354 2847 432 2912 domi,
450 2850 492 2899 etsi
505 2866 558 2908 non
575 2865 688 2916 concors,
704 2850 786 2900 minus
803 2859 843 2902 ta·

94 2937 159 2987 aren,
177 2929 250 2990 quam
260 2924 326 2989 alias,
343 2919 428 2974 infesta
444 2928 533 2976 civitas
544 2928 600 2977 suit.

128 3006 215 3062 XXV
219 3005 253 3064 ιι
264 3003 393 3058 Minucius
401 3004 534 3062 innecte
545 3005 655 3063 Nautius
662 3005 849 3155 consulesffi
