1964 3660
320 213 574 265 LIBERIV.
777 213 823 263 e6t

68 303 119 349 auat
136 297 264 366 premium
275 295 331 348 suit.
349 301 443 350 Bellum
454 300 511 350 inde
522 299 554 350 ab
565 299 652 364 AEquis
662 299 769 367 reparari
778 303 827 348 co'e·

75 386 169 441 ptum:
188 377 221 440 ἃ,
230 391 311 426 novos
319 377 397 426 hostes
408 378 549 427 Lovicanos
560 375 658 426 consilia
666 391 723 426 cum
734 375 828 425 veteri-

80 450 127 500 bus
132 451 244 516 jungcre,
261 451 326 502 haud
335 453 435 502 incertis
452 453 590 503 auctoribus
602 455 708 502 Romam
718 452 751 501 cli
767 451 827 501 alla·

76 535 145 576 turn.
179 531 317 595 AEquorum
331 530 384 593 jam
394 529 464 579 velut
478 528 650 579 anniversariis
661 529 734 578 armis
750 527 827 578 allue-

73 606 227 656 ratcivitas.
262 608 371 657 Lavicos
387 607 461 670 legati
477 607 540 656 milli
559 622 634 671 quum
654 604 769 672 responsa
787 606 826 655 in·

80 681 112 730 de
128 682 261 735 retulissent
277 682 361 746 dubia,
385 684 481 748 quibus,
498 698 543 732 nec
556 693 612 732 'tum
629 682 720 732 bellum
737 683 826 750 parari,

80 773 126 808 nec
137 759 278 811 diuturnam
289 776 374 829 pacem
388 759 450 822 sore,
465 770 610 825 appareret:
629 758 775 809 Tusculanis
786 775 828 809 ne-

74 837 178 898 gotium
194 837 286 901 datum,
302 839 442 886 adverterent
452 836 541 898 animos,
553 836 644 901 nequid
661 837 713 885 novi
723 836 827 886 tumultis

81 913 173 962 Lavinis
184 915 283 964 oriretur.
319 912 358 962 nd
363 911 515 978 insequentis
529 912 587 961 anni
598 912 710 961 tribunos
719 912 827 964 militum

81 989 202 1039 consulari
214 991 340 1058 potestate,
357 990 420 1039 inito
430 988 580 1052 magistratu,
596 988 671 1053 legati
685 989 717 1038 ab
731 991 828 1039 Tuscu·

81 1065 107 1114 lo
128 1078 257 1132 venerunt,
284 1070 316 1116 L.
340 1067 450 1130 Sergium
469 1064 619 1127 Fidenatem,
643 1067 681 1115 M.
700 1065 826 1131 Papirium

80 1143 255 1206 Mugillanum,
274 1145 303 1192 C.
316 1143 455 1205 Servilium,
471 1139 545 1189 Prisci
558 1139 644 1203 filium,
661 1157 712 1205 quo
723 1140 828 1194 dislato·

52 1278 58 1288 ι
81 1233 108 1269 rc
120 1218 300 1285 Fidcnaeeaptae
311 1219 416 1269 fuerant.
451 1217 609 1266 Nunciabant
621 1215 704 1281 legati,
721 1219 829 1269 Lavino,

80 1311 128 1345 nos
138 1311 205 1346 anna
215 1293 310 1364 cepisse,
327 1295 352 1344 n
364 1310 422 1344 cum
432 1295 571 1358 AEquorum
590 1294 701 1343 exercitu
718 1293 828 1362 depopu-

80 1374 144 1424 latos
162 1389 249 1438 agrum
270 1373 440 1423 Tusculanum
459 1373 534 1422 castra
555 1372 581 1421 in
602 1371 694 1436 Algido
711 1371 827 1440 posuisse.

81 1453 152 1500 Tum
161 1451 292 1502 Lavicanis
303 1451 394 1501 bellum
406 1448 521 1500 indislum
532 1467 538 1497 :
550 1447 662 1514 fabioque
674 1447 827 1500 senatuscon-

77 1525 153 1593 sulto,
170 1540 198 1577 ut
210 1529 261 1580 duo
277 1544 309 1579 ex
327 1528 430 1578 tribunis
447 1525 479 1576 ad
498 1526 589 1576 bellum
606 1525 827 1592 proficiscerentur,

80 1621 144 1656 unus
157 1620 194 1656 res
211 1610 296 1657 Romae
316 1616 419 1670 curaret,
437 1615 560 1655 certamen
575 1603 655 1653 subito
670 1606 733 1653 inter
746 1605 825 1654 tribu·

81 1697 127 1732 nos
143 1692 268 1733 exortum.
295 1683 319 1732 sc
337 1681 439 1748 quisquc
455 1680 514 1730 belli
536 1680 622 1728 ducem
639 1681 761 1746 potiorem
777 1680 827 1730 ser.

74 1773 115 1825 re,
133 1776 216 1817 curam
223 1761 300 1824 urbis,
317 1771 344 1809 ut
353 1761 474 1824 ingratam
483 1757 674 1822 ignobilemque,
692 1755 826 1824 aspernari.

75 1841 167 1902 Quum
183 1855 271 1907 parum
282 1838 399 1888 decorum
418 1837 481 1885 inter
493 1834 597 1898 collegas
613 1846 735 1884 certamen
751 1836 826 1883 mira-

80 1916 157 1968 bundi
170 1920 250 1983 Patres
265 1915 440 1982 conspicerent,
460 1916 493 1975 Q.
505 1911 629 1974 servilius,
646 1912 826 1977 ,Quandrnecor-

79 1995 136 2045 sinis
149 1993 211 2059 hujus
230 1993 281 2054 ulla,
298 1992 385 2057 inquit,
400 2006 440 2039 nec
456 1985 572 2054 reipublice
591 1987 768 2051 estverecundia,
782 2000 827 2054 pa·

13 2078 16 2083 '
79 2073 124 2122 tria
137 2070 236 2136 majestas
252 2068 409 2119 altercationem
427 2064 490 2129 ssam
506 2063 601 2113 dirimet.
619 2064 679 2127 filius
696 2079 754 2113 meus
766 2074 829 2130 extro

73 2151 156 2214 sortem
167 2146 213 2197 urbi
221 2146 317 2214 preerit.
340 2144 424 2195 Bellum
432 2137 522 2205 utinam,
539 2139 693 2209 quiuppetunt,
709 2139 827 2207 considera-

73 2226 124 2275 rins
137 2224 300 2290 emensisque,
316 2220 486 2290 qudmrupirmt,
499 2225 588 2286 gerant.

114 2303 210 2350 XLVI.
228 2296 356 2350 Delcslum
368 2296 457 2347 ‘haberi
471 2311 523 2345 non
531 2293 720 2361 extoto.pasiim
731 2297 826 2362 populo

73 2377 180 2443 placuit.
197 2376 280 2427 decem
291 2377 368 2426 tribus
379 2375 445 2424 sorte
453 2371 529 2422 duslae
544 2371 600 2421 sunt
612 2389 619 2432 ς
632 2386 664 2422 cx
675 2372 712 2421 his
722 2370 825 2439 scriptos

78 2451 188 2516 juniores
205 2452 254 2502 duo
269 2453 361 2501 tribuni
378 2450 409 2502 ad
426 2450 518 2499 bellum
526 2448 628 2498 duxere.
665 2451 749 2513 Copta
761 2449 826 2498 inter

81 2543 123 2578 eos
140 2527 165 2575 in
177 2526 237 2576 urbe
252 2528 384 2577 certamina
393 2525 528 2593 cupiditate
541 2525 625 2575 cidem
634 2524 731 2589 imperii
745 2524 826 2576 multo

44 2626 47 2630 ·
77 2602 212 2672 ‘impensius
228 2605 253 2653 in
271 2603 350 2654 castris
368 2601 485 2653 accendi:
503 2601 564 2651 nihil
584 2600 671 2651 sentire
686 2598 760 2661 idem,
778 2613 826 2665 pro

57 2705 66 2723 s
77 2681 200 2734 sententia
213 2696 322 2749 pugnare
332 2699 338 2729 :
356 2678 398 2730 sua
409 2678 507 2729 consilia
517 2680 590 2744 velle,
608 2679 649 2728 sua
660 2677 762 2744 imperia
774 2675 826 2729 sola

9 2770 11 2774 '
80 2771 134 2813 rata
150 2759 212 2809 csse:
230 2768 385 2810 contemnere
396 2758 423 2807 in
435 2759 526 2822 ricem,
542 2758 567 2807 81
584 2755 718 2807 contemni.
736 2753 826 2820 donec,

80 2838 251 2904 castigantibus
267 2836 361 2902 legatis,
386 2834 484 2886 tandem
501 2836 536 2885 ita
551 2843 720 2901 comparatum
736 2831 777 2894 est,
796 2841 826 2882 ut

74 2909 641 2978 ·alternisdicbussummamimperiihabercnt.
676 2907 738 2972 Quae
747 2920 825 2971 quum

35 3048 40 3053 .
74 2992 154 3054 allate
164 2995 271 3051 Roman
280 2991 364 3063 esent,
379 2989 469 3048 dicitur
481 2992 515 3060 Q,-
524 2987 649 3059 Servilio,
664 2994 735 3043 atate
744 2984 769 3033 ἀ
779 2982 828 3057 usn

726 3058 827 3136 40³¹&
