1964 3660
186 243 233 293 272
437 233 473 281 T.
507 231 530 283 L
548 232 560 280 1
577 235 603 280 V
620 231 632 280 1
652 232 665 281 1

187 320 278 368 cedem'
284 317 388 369 seditiosi
402 320 541 370 tribunatus
553 330 634 386 petere
646 317 800 370 consulatum
808 319 933 371 infimula-
946 322 960 380 J

116 410 123 420 ·
188 397 256 446 bant.
292 401 361 446 Tum
377 397 482 447 dolosius
503 399 595 462 haberi,
614 399 754 462 bellumque
764 397 877 446 omnium
891 411 933 447 or·

187 471 274 521 dinurn
293 473 411 535 consensu
429 474 543 540 apparari
565 482 684 540 coeptum.
720 471 837 522 Consules
857 471 934 523 ambo

185 548 291 616 professi
301 551 347 599 smt
357 550 389 599 acl
399 567 481 600 arcem
493 554 683 613 Carventanam,
697 565 729 599 an
740 551 800 598 alter
810 548 842 599 ad
853 549 934 598 comi·

187 627 222 676 tia
234 627 345 678 habenda
361 626 501 692 substiterit,
518 629 640 679 incertum
650 627 739 676 diversi
750 625 860 677 aussores
872 624 934 675 saci·

187 715 247 754 unt:
265 706 306 754 illa
323 721 369 772 pro
385 718 454 756 certo
472 706 591 769 habenda,
608 704 634 754 in
652 705 740 770 quibus
757 720 807 754 non
825 701 934 754 dissenti-

186 794 241 845 unt,
258 783 290 832 ab
301 799 356 833 arce
368 787 525 833 Carventana
536 799 613 848 quum
624 781 667 832 diu
678 782 844 847 nequicquam
855 794 936 846 oppu-

188 871 263 923 gnata
274 860 340 924 esset,
357 860 489 910 recessum:
507 861 671 924 Verruginem
688 859 715 908 in
732 859 828 909 Volscis
845 857 935 909 eodem

186 939 299 988 exercitu
314 948 447 1005 receptam,
471 935 691 1005 populationesque
709 936 734 986 ἃ
746 935 844 1003 predas
861 935 886 991 ἃ
905 935 940 985 in'

61 1041 65 1046 ’
86 1074 89 1079 ,
186 1014 273 1081 AEquis
284 1016 310 1066 δι
321 1018 347 1066 in
360 1015 452 1066 Volsco
464 1030 524 1078 agro
536 1016 647 1078 ingentes
658 1012 742 1063 laslas.

220 1095 290 1142 LVI.
309 1095 397 1142 Romae
408 1091 467 1140 ficut
479 1092 555 1156 plebis
567 1089 671 1139 viiioria
682 1089 730 1139 suit
740 1091 767 1139 in
778 1104 818 1152 co,
831 1098 866 1152 ut,
872 1101 933 1153 'quae

186 1170 295 1231 mallent,
307 1171 410 1218 comitia
420 1168 538 1216 haberent
548 1185 554 1215 :
571 1169 606 1216 ita
616 1178 708 1217 eventu
718 1167 879 1216 comitiorum
886 1169 932 1215 Pa·
943 1156 949 1161 ¹

187 1257 236 1298 tres
247 1245 340 1295 uicere.
356 1260 463 1311 namque
473 1245 566 1294 tribuni
576 1245 685 1296 militum
696 1243 816 1295 consulari
829 1243 934 1311 potesta·

186 1331 211 1374 te
223 1333 310 1372 contra
321 1323 387 1389 spem
397 1323 508 1371 omnium
520 1331 569 1371 tres
579 1322 677 1388 patricii
688 1322 763 1372 creati
774 1320 838 1387 sunt,
849 1324 878 1371 C·
887 1322 903 1384 J
904 1335 932 1373 u·

186 1397 234 1446 lius
251 1398 326 1460 lulus,
347 1401 374 1446 P.
395 1397 523 1446 Cornelius
545 1395 637 1459 Cossus,
656 1400 685 1467 Q.
707 1398 822 1447 Servilius
843 1395 932 1446 Ahala.

186 1472 281 1524 Artem·
292 1473 428 1524 adhibitam
443 1472 526 1522 serunt
543 1478 559 1523 s
578 1467 694 1540 patriciis,
712 1473 791 1539 (cujus
808 1489 850 1523 eos
868 1473 932 1524 Icilii

186 1561 240 1600 tum
256 1560 356 1615 quoque
374 1547 554 1610 infimulabant)
571 1547 637 1614 quod
655 1548 754 1598 turbam
771 1549 933 1615 indignorum

186 1627 372 1686 candidatorum
387 1622 576 1678 intermiscendo
595 1625 681 1691 dignis,
699 1625 773 1678 tndio
785 1626 933 1681 sordiumin

183 1703 330 1770 quibusoam
345 1705 485 1770 insignium,
501 1700 647 1772 populum&
663 1705 767 1772 plebeiis
778 1703 930 1757 avertissent.

174 1781 291 1833 -·Volscos
301 1783 389 1833 deinde
401 1784 425 1833 sc
439 1785 541 1848 AEquot,
558 1782 600 1835 seu
613 1787 826 1841 Carventanam
836 1793 932 1841 retenta

187 1856 312 1924 inspem,
322 1857 364 1929 seu
381 1860 519 1922 Verrugine
537 1855 651 1915 arnissum
668 1857 802 1925 praesrdium
818 1857 849 1907 ad
866 1857 930 1907 iram

186 1935 349 2002 compulisset,
366 1934 544 1987 smnasffertur
561 1934 656 1985 summi
672 1936 700 1996 si
715 1935 747 1987 ad
756 1934 847 1991 bellum
857 1949 931 1993 coos·

186 2023 241 2065 tos:
259 2026 333 2083 caput
349 2030 431 2066 rerum
442 2015 554 2065 Antiates
565 2013 624 2063 esse:
642 2029 730 2064 eorum
740 2014 833 2078 legatos
844 2011 933 2064 uuius-

187 2108 235 2160 que
251 2094 337 2157 gentis.
349 2094 455 2159 populos
472 2090 614 2153 circumisse,
638 2091 780 2154 castigantes
794 2091 932 2157 ignaviam,

186 2169 262 2234 quod,
279 2168 356 2217 abditi
373 2170 436 2218 intra
451 2182 544 2230 muros,
562 2167 751 2232 populabundos
773 2168 797 2216 in
808 2168 872 2230 agris
885 2183 931 2219 va·

184 2245 238 2307 gari
255 2247 384 2293 Romanos
402 2246 483 2309 priore
502 2258 584 2305 anno,
606 2246 632 2293 ἃ
654 2245 768 2309 opprimi:
785 2246 931 2307 Verruginis

176 2319 327 2384 ,praessdiunn
344 2320 403 2383 palli
414 2320 500 2368 essent,
522 2320 574 2382 jam
591 2335 642 2368 non
662 2321 784 2375 exercitus
803 2321 880 2371 modo
891 2338 930 2372 as·

172 2405 270 2456 matos,
288 2394 328 2444 scd
340 2395 548 2458 coloniasetism,
565 2396 591 2443 in
606 2394 662 2445 suos
679 2395 739 2446 sines
750 2397 830 2445 mitti:
850 2413 895 2447 nec
907 2400 928 2450 i-

92 2501 94 2506 ·
170 2470 475 2540 pinnarum-*Romanos
491 2474 533 2524 sua
552 2471 631 2523 divisa
650 2474 748 2536 habere,
766 2473 806 2525 scd
819 2476 929 2528 Ferenti·

161 2549 332 2599 :itumetiam
348 2549 419 2599 desc
439 2560 538 2616 captum
555 2549 788 2602 Hernicis'donssffe.
823 2554 861 2604 Ad
877 2555 929 2606 haec

182 2641 261 2692 quum
277 2627 486 2676 inflammarentur
502 2631 586 2690 animi,
603 2640 632 2679 ut
645 2629 676 2680 ad
695 2630 805 2696 quosque
825 2642 930 2684 ventum

183 2715 245 2766 erat,
261 2719 376 2753 numerus
384 2703 514 2767 juniorum
524 2705 732 2757 conscribcbstur.
767 2710 806 2756 Ita
817 2709 930 2758 omnium

171 2781 335 2847 populorum
348 2780 468 2843 juventus
481 2783 584 2835 Antium
596 2783 727 2846 contraiis,
744 2783 779 2834 ibi
792 2784 872 2833 castris
882 2799 928 2851 po·

170 2857 234 2908 >sitis
245 2857 548 2924 hostemoppericbantur.
585 2863 646 2926 Quae
658 2862 701 2914 ubi
717 2860 826 2914 tumultu
836 2860 931 2922 majore

172 2935 358 2999 ·ctiam,.qusm
366 2950 406 2989 res
415 2948 477 3000 crat,
490 2937 639 2989 nunciantur
649 2941 763 3000 Romam,
779 2937 875 2987 senatus
884 2952 929 3005 cn-

171 3009 280 3078 -tnnpln
287 3010 364 3081 {quod
374 3011 489 3069 inscius
494 3012 594 3086 trepidis
606 3013 721 3069 ultimum
728 3013 929 3133 wnffliumdfffio

247 3119 254 3128 ο
489 3108 503 3133 'i
547 3127 551 3132 .
917 3108 928 3125 ²
