1964 3660
104 160 167 209 ’ῐῦο
353 156 601 210 -T.·L1vt1

116 252 166 293 rom
174 244 240 294 etiam
250 245 337 311 legatos,
349 245 438 312 ortolsse
446 255 529 313 potent,
540 246 682 314 speculatores
690 244 803 297 mittendos
811 259 861 297 cero·

110 323 168 388 sere,
185 323 220 387 qui
230 324 308 372 certior
317 323 425 389 explorato
441 325 547 386 reseraret.
582 327 622 374 Sin
626 326 681 389 fides
693 326 720 376 ir
734 325 815 374 nunciis
832 326 860 375 ύ·

116 397 192 463 legatis
202 397 309 463 habeatur,
325 400 425 449 deieiium
433 401 505 466 primo
520 417 596 467 quoque
610 411 705 467 tempore
718 399 805 463 babori3
822 401 866 448 de·-

104 474 230 537 -eemviror,
247 477 286 542 qui
302 477 373 542 cecique
387 492 459 526 eonem
474 476 582 542 videatur,
598 479 701 528 exercitus
717 476 807 539 ducem
823 489 861 527 oce
879 507 883 514 ·

115 550 238 599 remelium
245 555 358 616 preveni.
861 601 864 607 .

150 628 221 676 XLI.
239 630 269 676 In
286 630 348 678 hanc
365 629 509 678 sententiam
525 639 555 679 ut
564 629 734 694 discederetur,
748 629 866 693 juniorer.

104 702 217 755 ··Patrum
227 706 384 756 evincebant.
418 707 560 757 Ferociores
569 708 656 757 iterum
670 709 750 757 coorti
761 707 859 756 Valeri-

43 830 53 846 ·
115 793 144 830 us
156 781 320 849 Horatiusque
331 783 472 847 vociferari,
488 793 514 833 or
527 783 552 832 de
570 785 676 850 republica
693 784 765 833 liceret
780 784 865 836 dicere.v

114 858 206 909 cinnes
216 861 245 909 od
256 860 367 927 populum,
379 861 402 926 fi
419 863 441 910 io
450 865 528 928 senatu
540 873 583 927 per
595 861 714 925 fadionem
732 879 771 911 noro
785 862 858 912 liceat.

115 939 195 1004 Neque
205 938 261 986 enim
269 938 309 1004 fibi
320 941 430 1004 privatos,
446 939 593 1001 attinentia,
609 940 676 989 coetis
687 940 787 1002 concione,
802 938 869 1007 pff·

113 1013 210 1076 obiam
234 1031 299 1081 neque
307 1017 334 1082 se
352 1016 485 1082 imaginariis
501 1014 596 1080 fascibus
615 1032 686 1064 eonem
704 1013 788 1081 refforos
810 1015 857 1082 effe.

116 1092 187 1143 Turn
208 1094 311 1159 Appius,
326 1092 379 1156 jam
396 1096 473 1160 prope
491 1091 537 1140 eise
547 1103 621 1154 ratus,
639 1101 675 1155 ut,
692 1093 718 1140 ni
733 1093 859 1144 violentior

115 1181 203 1220 eorum
214 1169 266 1234 pari
283 1168 428 1218 resisteretur
442 1168 552 1231 audacib,
569 1167 663 1218 vidium
677 1171 810 1235 imperium
821 1168 858 1218 ei-

114 1246 167 1299 set:
186 1246 382 1308 Nenenemeo'os,
399 1247 488 1310 iuquit,
504 1245 543 1309 eust
552 1246 624 1313 dequo
636 1247 765 1312 confidimus,
783 1263 867 1296 vocem>

114 1321 196 1390 eoristffc.
215 1323 240 1372 dt
250 1322 281 1372 ad
298 1322 431 1386 Valerium,
443 1327 576 1386 ¹negantem
593 1321 617 1370 sc
636 1325 736 1389 privato
746 1325 859 1388 reticere,

113 1399 225 1449 listorem
237 1397 351 1448 accedere
359 1399 435 1462 juno
468 1401 524 1463 Jam
536 1399 672 1461 Quiritium
683 1400 756 1457 fidem
768 1402 858 1467 implo-

113 1485 184 1527 rante
195 1475 295 1524 Valerio
306 1479 321 1523 ὲ
337 1475 410 1524 eur'iae
421 1475 513 1538 limine,
530 1477 562 1524 L.
577 1476 703 1524 Cornelius
715 1478 865 1543 complexus>

114 1552 233 1618 Appium
244 1567 296 1600 non
307 1551 351 1600 cui-
359 1550 486 1600 fimulabat
496 1549 653 1614 consulendo,
670 1552 769 1601 diremit
779 1563 858 1602 certor·

49 1640 52 1645 ’
112 1643 181 1679 men.
203 1627 314 1695 fatisque
331 1643 375 1693 per
395 1627 537 1677 Cornelium
549 1628 649 1676 Valerio
661 1627 756 1677 dicendi
769 1630 856 1694 gratia,

114 1721 169 1771 quae
179 1704 263 1767 veliet,
279 1720 356 1771 quum
366 1705 464 1755 libertas
478 1713 532 1754 non'
541 1706 605 1754 ultra
616 1721 706 1755 vocem
716 1705 856 1773 excessisset,

114 1783 249 1833 decemuiri
260 1780 412 1849 propositum
422 1792 529 1831 tenuere.
564 1781 708 1831 Consulares
719 1797 818 1848 quoque
827 1798 857 1833 ac

113 1858 220 1910 seniores
232 1858 263 1908 ab
271 1857 365 1908 residuo
377 1858 514 1908 tribunicioe
525 1859 649 1925 potestatis
660 1859 728 1921 odio,
737 1860 805 1922 cujus
814 1859 864 1910 dem

113 1933 227 1986 siderium
243 1936 309 2003 plebi
325 1935 405 1985 multo
419 1935 507 1998 acritu,
524 1940 597 2001 quim
608 1937 739 1986 consularis
749 1936 857 2003 imperii,

112 2014 230 2065 rebantur
239 2011 293 2077 effe,
308 2016 385 2079 prope
396 2013 527 2075 malebant,
544 2013 673 2080 postmodo
685 2013 749 2081 ipsos
760 2013 857 2064 decem·

112 2092 182 2140 viros
196 2089 325 2138 voluntate
336 2088 405 2137 abire
415 2088 564 2153 magistratu,
582 2095 654 2154 qudm
666 2089 761 2138 invidit
771 2104 857 2141 eorum

101 2164 244 2226 exstugere
256 2163 336 2210 rursus
354 2161 460 2227 plebem.
484 2160 600 2217 iileniter
615 2161 687 2210 dutia
698 2178 734 2211 res
744 2165 794 2214 fine
811 2180 858 2230 po·
895 2217 897 2221 ,

113 2239 197 2306 pulari
205 2237 303 2302 strepitu
314 2235 344 2285 ad
357 2236 466 2285 consules
477 2235 580 2298 rediffen
596 2247 639 2284 aut
650 2237 717 2285 bellis
729 2239 857 2304 interposi.

112 2316 152 2377 tis,
169 2312 394 2370 autmoderatione
407 2311 533 2360 consulum
545 2311 571 2359 in
585 2312 694 2377 imperiis
705 2316 858 2382 exercendis,

112 2385 216 2456 possein
233 2385 389 2434 oblivionem
405 2384 561 2434 tribunorum
573 2386 669 2452 plebem
687 2387 783 2438 adduci.
818 2390 856 2442 si-

111 2465 189 2516 lentio
207 2465 306 2512 Patrum
325 2461 429 2511 edicitur
447 2460 560 2512 dolestos.
582 2463 700 2530 juniores,
716 2482 793 2531 quum
806 2466 861 2521 tine-

112 2543 293 2611 provocationc
309 2539 441 2606 imperium
454 2538 519 2604 effer,
536 2539 567 2591 ad
580 2543 682 2592 nomina
698 2542 856 2610 respondent.

111 2619 250 2685 legionibus
270 2616 372 2687 scriptis,
386 2617 452 2666 inter
469 2616 494 2667 sc
512 2615 647 2667 decemviri
670 2620 856 2687 comparabant,

111 2712 175 2763 quos
188 2696 224 2746 ire
241 2692 271 2745 ad
282 2694 381 2758 bellum,
399 2709 461 2759 quos
479 2694 576 2761 praecsse
595 2697 743 2747 exercitibus
755 2711 855 2763 oporte-

100 2783 158 2831 ‚ret
194 2771 317 2838 Principes
333 2770 396 2818 inter
416 2769 570 2820 decemviros
587 2782 659 2824 erant
675 2777 708 2837 Q·
724 2773 813 2824 Fabius
830 2777 856 2827 δε

111 2857 162 2917 Ap.
176 2849 299 2900 Claudius.
323 2848 416 2898 bellum
426 2848 494 2899 domi
506 2848 593 2912 majus,
610 2857 683 2914 quum
695 2850 762 2913 foris,
779 2869 855 2919 appa-

110 2928 189 2979 rebat.
207 2926 284 2995 Appii
295 2926 441 2980 violentiam
451 2926 574 2996 aptiorem
587 2929 636 2979 rati
645 2927 676 2978 ad
690 2929 855 2997 comprimen-

808 3007 853 3060 dot
