1964 3660
160 60 206 166 ὒν
208 40 278 111 nm*

106 104 206 257 ³de
363 168 588 221 LIBERI.
810 184 852 233 -ις
911 186 914 192 ’

101 260 160 329 W
170 250 372 305 descendentibus
383 254 447 306 inter
464 257 525 307 duos
542 257 611 307 lucos
622 255 664 321 est,
682 256 788 323 Asylum
798 273 855 326 npe-

104 335 146 401 nit.
170 335 202 380 co
215 346 249 380 ex
259 330 370 382 finitimis
385 333 481 397 populis
492 334 564 382 turba
573 331 660 396 omnis,
676 333 724 383 sine
736 334 856 386 discrims·
883 347 886 351 ’

103 425 143 473 ne,
159 411 222 459 liber
232 425 263 461 an
275 409 359 458 servus
375 407 440 474 esset,
458 410 533 459 avida
546 427 668 460 novarum
680 428 760 462 rerum
772 415 856 479 persu-

105 487 157 548 git:
176 486 250 550 idque
264 487 370 552 primum
385 488 417 534 ad
434 496 538 551 coeptam
548 487 742 549 magnitudinem
759 490 857 542 roboris

104 562 161 612 suit.
198 565 343 627 Quumjam
354 564 446 612 virium
454 562 519 612 haud
528 564 662 629 poeniterct,
675 567 801 616 confilium
812 568 856 616 de·

104 639 269 689 indeviribus
280 649 359 706 parat.
384 649 482 688 centum
494 649 559 688 creat
575 639 712 690 senatores:
735 642 785 690 five
797 644 857 708 quia

105 717 126 766 ie
139 732 254 766 numerus
265 717 322 766 satis
332 725 399 777 erat5
416 716 467 763 five
483 715 541 778 quia
552 713 596 764 soli
608 727 705 765 centum
717 731 793 783 erant,
811 720 855 784 qui

13 807 39 820 ”·
105 797 183 846 creari
194 808 275 863 patres
285 796 388 862 possent.
424 797 505 842 Patres
526 798 590 842 certe
606 795 637 843 ab
657 797 759 861 honore,
777 800 854 865 patri-

105 872 187 937 ciique
199 873 328 939 progenies
338 886 426 921 eorum
436 869 563 935 appellati.

139 953 187 998 lx.
206 953 262 1013 Jam
270 964 307 998 res
315 953 428 999 Romana
436 945 497 994 aded
509 956 561 994 erat
569 945 660 1009 valida,
676 957 705 995 ut
717 949 817 1000 cuilibet
824 950 856 1002 fl-

108 1026 249 1076 nltimamm
260 1028 400 1075 civitatium
409 1025 474 1072 besso
482 1039 527 1089 par
537 1021 595 1070 esset
601 1041 608 1082 ;
618 1021 665 1084 sed,
673 1027 855 1090 penurid'musi.

108 1117 185 1167 crum,
195 1104 308 1152 nominis
319 1113 413 1153 aetatetn
425 1101 541 1150 duratura
549 1099 693 1163 magnitudo
705 1112 764 1150 erat.
783 1106 855 1171 quip-

107 1195 139 1247 pe
148 1181 236 1245 quibus
247 1196 292 1229 nec
302 1181 371 1230 domi
386 1179 438 1246 spes
449 1176 532 1244 prolis,
544 1192 590 1225 nec
604 1192 661 1225 cum
672 1178 783 1228 finitimis
795 1196 855 1232 con·

107 1257 182 1304 nubia
193 1257 275 1305 essent.
310 1259 379 1304 Tum
394 1268 427 1305 ex
438 1252 645 1303 confilioPatrum
658 1255 777 1304 Romulus
788 1256 854 1320 lega-

108 1340 146 1382 tos
155 1334 220 1382 circa
228 1333 322 1381 vicinas
339 1342 422 1396 gentes
437 1330 508 1392 mist,
530 1330 572 1393 qui
581 1328 722 1378 societatem
733 1334 854 1384 connubi-

106 1421 198 1471 umque
208 1422 277 1461 novo
286 1408 379 1473 populo
391 1415 515 1471 peterent:
535 1402 603 1452 Urbes
614 1420 698 1469 quoque,
708 1414 732 1454 ut
742 1417 819 1473 cetera,
829 1424 856 1459 ex

106 1483 179 1547 infimo
190 1485 264 1549 nasci.-
282 1484 355 1533 deinde
365 1499 417 1550 quas
428 1486 469 1545 fita
480 1483 552 1530 virtus
569 1496 593 1528 ac
604 1481 648 1528 Dii
659 1483 747 1545 juvent,
765 1492 856 1551 magnas

108 1570 156 1624 opes
161 1559 203 1622 fibi
214 1574 353 1625 magnumque
362 1573 437 1608 nomen
440 1557 526 1621 facere.
550 1556 607 1603 Satis
610 1556 675 1618 scire,
687 1558 765 1623 origini
773 1562 854 1610 Roma-

108 1651 138 1685 ne
149 1637 176 1686 sn
187 1637 247 1685 Dect
259 1634 345 1702 affluffe,
363 1635 391 1685 dn
402 1651 441 1683 non
452 1633 575 1697 defuturam
591 1633 706 1681 virtutem.
729 1637 820 1700 proinde
829 1653 855 1687 ne

105 1724 251 1779 grauarentur
262 1714 354 1763 homines
363 1727 411 1762 cum
422 1709 536 1761 horninibus
548 1710 676 1776 sanguinem
689 1711 717 1761 dr
726 1727 795 1777 genu:
811 1714 855 1763 mi.

102 1790 172 1857 scere
192 1790 320 1855 Nusquam
330 1790 435 1853 benigne
445 1789 536 1851 legatio
547 1786 629 1837 audita
641 1788 690 1837 est:
708 1789 769 1838 aded
786 1789 856 1842 fimus

106 1865 261 1932 spernebant,
282 1867 351 1915 fimus
363 1876 455 1914 tantam
467 1867 493 1914 in
511 1863 593 1913 medio
605 1864 752 1913 crescentem
762 1868 855 1920 molem

108 1943 153 1992 sibi
162 1959 191 1993 ac
203 1943 304 2010 posteris
319 1943 365 1992 suis
376 1943 526 1990 metuebant.
562 1945 585 1988 A
597 1938 715 2005 plerisque
726 1943 855 2004 rogitanti·

108 2018 261 2082 butdimiffi,
278 2017 366 2082 Ecquod
376 2016 468 2080 feminis
486 2028 562 2081 quoque
577 2014 655 2080 asylum
671 2016 815 2083 aperussent?
834 2020 859 2069 id

108 2097 165 2145 enim
175 2099 260 2146 dmum
271 2105 360 2159 compar
366 2090 487 2141 connubium
490 2091 551 2155 fore.
572 2093 645 2155 AEgre
656 2091 681 2140 id
690 2095 802 2143 Romana
809 2109 856 2162 pu.

108 2173 152 2223 bct
163 2173 235 2240 passa,
253 2173 278 2221 ἃ
290 2168 437 2220 hauddubie
446 2169 475 2218 ad
490 2170 543 2217 vim
554 2167 659 2234 spestare
667 2185 704 2219 res
713 2172 796 2237 coepit.
814 2175 855 2225 cui

107 2261 205 2316 tempus
215 2251 348 2314 locumque
358 2255 444 2314 aptum
456 2256 485 2297 ut
504 2245 573 2295 daret
584 2247 710 2310 Romusus,
728 2249 857 2312 aegritudi-

108 2342 167 2376 nem
177 2328 252 2376 anim1
245 2325 419 2398 dissimulans,
436 2322 507 2373 ludos
526 2338 558 2373 ex
569 2324 684 2374 industria
695 2337 772 2392 parat,
785 2330 853 2396 Nep-
904 2347 906 2351 ·

106 2410 171 2454 'tuno
183 2404 291 2468 Equestri
301 2402 424 2452 solennes:
445 2401 575 2451 Consualia
584 2412 669 2451 vocat.
695 2403 775 2453 Indici
786 2401 855 2454 dein-

108 2478 141 2529 de
160 2479 269 2529 finitimus
287 2478 449 2548 spcstaculum
465 2479 552 2543 jubet·
580 2491 719 2547 quantoque
735 2491 855 2547 apparatu

107 2566 164 2606 tum
175 2558 290 2623 sciebant,
290 2569 345 2610 aut
355 2567 477 2624 poterant
490 2556 675 2625 couccsebrant5
692 2570 787 2608 utrem
806 2557 857 2607 cla-

109 2646 164 2683 nam
177 2635 389 2702 exspectatamque
399 2636 515 2686 sacerent
551 2636 625 2684 Multi
636 2636 751 2685 mortales
763 2649 856 2684 conve-

109 2725 178 2774 nere,
195 2711 272 2783 studio
284 2713 357 2763 etiam
368 2713 480 2765 videndae
496 2731 569 2764 novae
579 2714 659 2774 urbis3
677 2712 786 2762 maxime
797 2726 855 2776 pro·

107 2786 175 2845 ximi
194 2786 294 2851 quique,
323 2789 481 2853 ceninenses,
506 2789 662 2849 Crustumini,
686 2793 856 2836 Antemnates.

109 2861 167 2923 Jam
179 2860 324 2912 Sabinorum
335 2865 415 2912 omnis
427 2863 568 2924 multitudo,
587 2877 643 2909 cum
657 2861 738 2910 liberis
750 2876 778 2909 ac
794 2875 855 2910 con-
898 2864 900 2869 ’

55 2936 217 3007 jugibus,
233 2941 313 2994 venit.
346 2938 761 3035 invitatihospicassterperdomos‚
778 2950 856 3005 quum

784 3016 857 3069 fituut
