1964 3660
149 197 183 246 26
299 263 302 269 Ι
410 199 445 247 Τ.
474 201 502 249 -L
515 201 533 249 Ἰ
549 202 575 249 V
592 201 605 249 1
623 202 636 250 Ι

121 307 129 313 ·
143 295 191 347 per
202 286 353 349 omne‘regni
366 295 468 352 tempus,
478 288 543 338 haud
552 290 633 337 minor
644 291 717 356 pacis,
729 297 802 356 quam
813 298 890 361 regni.

144 361 185 409 Ita
197 360 246 411 duo
258 361 370 429 deinceps
379 379 454 427 reges,
472 366 531 414 alius
541 365 586 413 alia
598 367 648 427 vit,
658 367 696 415 ille
706 369 778 432 bello,
795 373 835 419 hic
847 389 890 439 pa-

143 451 180 499 ce,
198 441 324 490 civitatem
336 453 467 492 auxerunt.
501 444 620 493 Romulus
631 445 729 511 septem
748 449 890 515 &triginta

140 520 257 580 regnavit
264 533 354 576 annos:
373 522 456 568 Numa
467 531 514 568 tres
526 521 550 570 ἃ
562 521 729 586 quadraginta.
766 530 835 579 Tum
844 545 889 578 va-

139 594 199 658 lida,
209 607 262 645 tum
273 597 441 662 temperata&
448 597 504 646 belli
514 598 538 646 &
545 599 610 664 pacis
616 601 721 664 artibus,
727 613 779 650 erat
791 605 887 655 civitas.

176 675 263 722 XXII.
282 676 369 722 Numa
381 684 461 722 morte
472 673 502 723 ad
510 675 679 737 interregnum
690 692 726 725 rcs
740 677 820 727 rediit.
845 685 886 730 In·

137 747 172 800 de
184 750 286 800 Tullum
299 750 437 813 Hostilium,
446 762 561 816 nepotem
573 751 677 813 Hostilii,
689 753 758 816 cujus
767 755 793 803 in
801 757 886 806 infima

137 844 195 889 arce
207 828 271 878 clara
281 843 363 894 pugna
374 827 488 876 adversus
500 827 600 876 Sabinos
613 827 700 892 suerat,
712 845 794 893 regem
803 848 883 898 popu-

135 905 174 955 lus
184 905 258 969 justit.
292 907 374 955 Patres
385 900 566 953 aueoressattt.
588 905 637 953 Hic
645 919 694 953 non
706 904 786 956 foliam
797 911 883 973 proxi-

135 997 181 1033 mo
192 984 243 1047 regi
255 982 378 1046 diffinitis,
391 981 430 1030 scd
441 980 549 1032 ferocior
559 981 633 1031 etiam
641 983 750 1032 Romulo
759 982 815 1033 fuit.
829 995 882 1036 tum

134 1072 195 1110 aetas
212 1060 334 1125 viresque,
355 1068 410 1105 tum
424 1055 492 1107 avita
508 1072 607 1121 quoque
623 1057 701 1121 gloria
716 1060 824 1110 animum
842 1061 881 1110 sti-

119 1180 120 1185 ,
133 1137 254 1185 mulabat.
290 1132 414 1183 senescere
425 1133 500 1195 igitur
512 1133 638 1181 civitatem
648 1134 702 1182 otio
719 1144 792 1197 ratus,
809 1138 880 1186 undi-

130 1228 181 1279 que
191 1213 318 1261 materiam
334 1207 458 1258 excitandi
467 1209 524 1257 belli
535 1210 666 1274 quaerebat.
701 1214 775 1260 Forte
787 1217 879 1284 evenit,

130 1298 163 1337 ut
173 1288 273 1352 agrestes
285 1285 391 1337 Romani
403 1299 436 1333 ex
448 1284 623 1348 Albanoagro,
642 1285 731 1335 Albani
743 1301 775 1336 cx
786 1292 877 1340 Roma·

128 1381 166 1415 no
178 1365 269 1431 praedas
279 1365 388 1412 invicem
399 1372 507 1424 agerent.
541 1364 702 1428 Imperitabat
713 1375 765 1416 tum
779 1371 807 1415 C.
819 1369 877 1418 Clu-

119 1442 186 1500 -ilius
199 1441 276 1490 Alba.
294 1439 408 1504 utrinque
419 1437 493 1501 legati
504 1437 554 1487 fere
565 1437 609 1488 sub
617 1439 683 1488 idem
695 1450 789 1507 tempus
798 1443 828 1491 ad
839 1459 877 1496 res
900 1445 908 1459 ¹

127 1517 272 1585 repetendas
282 1515 351 1565 misti.
379 1515 468 1564 Tullus
475 1510 620 1581 praeeperat
629 1515 683 1580 suis,
691 1531 720 1564 ne
732 1518 790 1582 quid
799 1521 875 1585 priris,

126 1600 204 1660 quam
214 1593 336 1656 mandata,
347 1601 455 1656 agerent.
490 1591 545 1641 satis
559 1591 657 1655 sciebat,
673 1605 819 1656 negaturum
831 1597 879 1646 At-

125 1669 222 1719 banum
229 1687 235 1728 ;
253 1668 288 1716 ita
299 1669 338 1735 pie
349 1667 440 1715 beilum
450 1665 525 1715 indici
538 1665 611 1732 poffe,
631 1667 671 1715 Ab
680 1667 780 1717 Albanis
792 1668 873 1721 socor-

123 1745 182 1794 diirs
199 1761 235 1794 res
247 1743 313 1793 atta:
332 1743 430 1810 excepti
447 1742 553 1808 hospitio
561 1743 595 1792 ab
606 1744 682 1793 Tullo
693 1744 780 1793 blande
791 1763 819 1794 ac
831 1746 874 1796 be-

124 1822 208 1886 nigne,
217 1821 321 1869 comiter
328 1820 391 1883 regis
399 1818 545 1869 convivium
551 1817 682 1867 celebrant.
700 1819 815 1886 tantisper
821 1825 872 1871 Ro-

121 1897 228 1946 mani&
240 1911 276 1944 res
285 1896 448 1961 repetiverant
458 1893 557 1960 priores,
570 1893 705 1964 &neganti
715 1895 810 1944 Albano
820 1896 871 1945 bel-

121 1974 220 2025 lumin
241 1972 390 2037 trigefimum
410 1971 475 2020 diem
488 1968 638 2020 indixerant.
667 1968 719 2020 haec
729 1971 872 2023 renunciant

124 2050 212 2099 Tullo.
248 2053 317 2098 Tum
336 2048 421 2112 legatis
435 2047 522 2096 Tullus
537 2047 632 2096 dicendi
643 2048 871 2114 potestatem,⁴quid

121 2136 233 2192 petentes
244 2127 364 2187 venerint,
380 2125 449 2173 facit.
483 2124 519 2172 illi
530 2125 642 2172 omnium
657 2125 743 2187 ignari,
761 2126 868 2189 primurn
911 2138 915 2147 ·

121 2200 250 2268 purgando
263 2211 344 2249 terunt
354 2212 464 2264 tempus:
483 2201 510 2246 Se
521 2200 600 2247 inviter
608 2199 725 2264 quiequam,
736 2202 789 2267 qnod
799 2203 869 2251 rnints

117 2278 204 2343 placeat
215 2277 284 2339 Tuto,
299 2275 390 2324 dittzecs
400 2294 408 2338 ἱ
419 2275 459 2340 sed
473 2275 563 2339 imperio
573 2273 661 2340 subigi:
678 2291 712 2324 res
723 2278 837 2340 repetitum
842 2282 869 2345 se

119 2353 207 2419 ventffe.
227 2355 267 2402 Ni
276 2353 398 2424 reddentes,
409 2350 485 2399 beilum
496 2351 586 2400 indicere
591 2351 665 2418 juffoe.
695 2352 733 2400 Ad
741 2350 795 2402 hae
803 2357 866 2405 Tul-

117 2431 176 2480 tus:
195 2431 314 2493 Nuntiate,
332 2429 420 2494 inquit,
436 2427 481 2494 regi
493 2426 571 2491 vestre,
588 2445 660 2494 regem
676 2431 794 2484 Renzanum
806 2433 866 2484 Deos

114 2509 267 2574 serenantes,
283 2506 399 2572 uterpriz‘es
408 2503 496 2570 populns
507 2519 540 2553 res
551 2513 667 2570 repetentes
677 2505 756 2571 legatos
764 2507 864 2571 asperna-
896 2554 899 2557 .

115 2593 152 2634 tus
162 2582 273 2648 dimifer'r't,
285 2591 309 2631 nt
319 2582 341 2630 in
349 2595 397 2629 enm
409 2595 478 2628 ontnes
489 2588 588 2644 expetant
598 2579 679 2644 hujnfce
689 2580 757 2628 clades
767 2581 822 2629 teti.

149 2664 251 2710 XXIII.
269 2663 328 2708 Haec
346 2658 463 2707 nunciant
479 2656 581 2706 domum
600 2657 698 2706 Albani.
728 2660 759 2707 Et
773 2658 863 2712 bellum

115 2741 230 2805 utrinque
240 2737 334 2787 summd
344 2751 392 2801 ope
404 2735 542 2802 parabatur,
551 2734 620 2783 civili
632 2734 779 2784 simillimum
790 2735 863 2798 bello,

114 2822 192 2884 prope
214 2818 278 2865 inter
299 2824 410 2881 parentes
424 2810 557 2876 natosquee
581 2813 719 2874 Troianam
733 2822 862 2877 utramque

114 2895 218 2958 prolem,
236 2910 313 2958 quum
332 2893 466 2954 Lavinium
477 2891 508 2939 ab
521 2891 612 2953 Troja,'
626 2890 657 2938 ab
670 2889 778 2938 Lavinio
788 2889 861 2957 Alba,

108 2969 145 3023 ab
164 2971 319 3021 Albanorum
337 2970 409 3037 ssirpe
425 2983 512 3034 regum
529 2965 627 3017 oriundi
647 2963 858 3090 Ronaangeffent,

419 3049 455 3086 Ν.
768 3049 859 3089 ventus
