1964 3660
305 167 572 260 ”Ltuuut
802 215 835 262 ²7

90 304 203 352 Eventus
215 307 299 347 tamon
310 295 366 345 belli
377 297 458 346 minus
475 292 636 344 miserabilem
653 288 838 341 dimicationem

91 379 165 429 fecit:
186 374 309 441 quodnec
319 374 371 422 acie
388 381 508 424 certatum
519 372 565 431 eli;
582 371 616 432 dc,
634 367 701 418 testis
712 365 787 416 modo
798 363 836 413 di-

90 456 152 506 rutis
169 453 268 502 alterius
279 450 352 514 urbis,
370 450 420 500 duo
437 449 541 515 populi'
534 464 560 497 in
572 462 649 497 unum
669 443 761 494 confusi
772 440 838 490 sunt.

91 531 184 582 Albani
204 529 297 594 priores
312 526 406 590 ingenti
425 525 578 575 exercituin
596 540 683 588 agrum
696 512 838 575 Romanum

91 611 214 673 impetum
225 604 313 654 fecere.
325 604 399 653 castra
404 603 435 652 ab
442 603 502 651 urbe
511 602 575 651 haud
586 603 639 668 plus
647 595 840 666 quinquemillia

93 683 205 751 pulsuum
216 682 309 742 locant,
327 679 390 728 fossi
406 678 565 727 circundant:
583 678 642 728 fossa
655 677 742 726 Cluilia
753 675 784 724 ab
795 689 843 723 no·

69 784 73 789 «
93 763 161 810 nrine
172 759 240 808 ducis
249 772 292 823 per
308 756 401 820 aliquot
413 754 492 803 secula
503 755 623 820 appellata
634 754 674 816 est,
692 753 771 803 donec
783 765 841 800 cum

94 850 121 886 te
131 849 223 886 nomen
234 847 334 898 quoque
343 833 461 880 vetustate
473 831 592 880 abolevit.
609 836 639 880 In
648 831 685 879 his
694 830 773 878 castris
782 827 839 876 Clu·

93 913 151 963 ilius
164 911 273 960 Albanus
284 924 329 958 rex
342 909 461 967 moritur,
478 905 621 956 diliatorem
634 907 723 955 Albani
732 911 842 954 Menum

95 985 230 1038 Fufsetium
249 993 340 1033 creant.
375 983 478 1030 Interim
501 982 589 1030 Tullus
611 982 692 1044 ferox,
721 981 843 1045 praecipui:

93 1072 176 1113 morte
188 1061 258 1123 regie,
275 1073 441 1123 mag-numque
454 1060 564 1106 Deorum
574 1052 674 1121 numen,
693 1057 789 1124 abipso
803 1072 844 1105 ca-

96 1139 149 1204 pite
167 1135 256 1198 orsum,
282 1135 308 1182 in
325 1149 397 1183 omne
415 1147 507 1182 nomen
531 1133 654 1182 Albanum
673 1135 843 1201 expetiturum
921 1168 932 1184 .

98 1227 180 1280 poenas
199 1211 233 1261 ob
252 1210 342 1259 bellum
360 1211 469 1276 impium
485 1208 602 1274 distitans,
628 1211 707 1274 nobie,
733 1211 843 1278 praeteri·

98 1291 129 1339 tis
140 1287 247 1337 hostium
257 1286 344 1349 castris,
363 1286 451 1336 infesto
462 1287 572 1334 exercitu
584 1285 608 1335 in
621 1303 707 1350 agrum
721 1290 847 1339 Albanum

99 1365 187 1433 pergit.
228 1364 265 1411 Ea
284 1377 320 1409 res
339 1361 370 1410 ab
389 1361 481 1410 stativis
503 1362 599 1411 excivit
617 1367 733 1413 Mettum.
769 1365 848 1427 ducit,

95 1446 174 1509 quim
190 1439 303 1505 proximi
317 1437 347 1486 ad
366 1437 459 1486 hostem
475 1437 566 1502 potcst;
586 1438 643 1487 inde
659 1441 766 1503 legatum
782 1458 846 1508 prae·

98 1515 197 1569 millum
207 1515 322 1563 nunciare
335 1513 410 1562 Tullo
425 1513 503 1578 jubet,
521 1514 661 1581 priusquam
674 1517 798 1581 dimicent,
816 1537 846 1570 o·

75 1612 79 1617 ’
99 1591 203 1661 pucelle
215 1591 357 1656 colloquio:
382 1590 400 1638 ii
416 1590 497 1640 secum
509 1581 692 1656 congressune,
709 1593 765 1644 satis
777 1594 847 1659 scire,

98 1685 130 1719 ea
141 1669 165 1718 sc
176 1668 312 1730 allaturum,
330 1683 383 1732 quae
397 1668 475 1717 nihilo
491 1670 571 1717 mincis
587 1669 621 1717 ad
636 1685 686 1718 rem
697 1675 846 1736 Romanam,

100 1751 176 1811 quirm
186 1743 217 1793 ad
230 1744 358 1806 Albanam,
370 1744 515 1809 pertineant.
545 1744 617 1794 Haud
627 1745 768 1812 aspernatus
780 1750 845 1799 Tul-

99 1823 146 1884 luS,
164 1820 256 1869 tametsi
273 1835 337 1867 vana
356 1818 526 1884 afferebantur,
544 1822 570 1869 in
581 1823 659 1871 aciem
670 1825 761 1875 educit.
786 1841 846 1875 exe-

99 1908 146 1947 unt
156 1902 241 1946 contri
252 1897 276 1945 &
290 1896 387 1944 Albani.
417 1897 547 1961 Postquam
558 1898 664 1947 instrudii
674 1902 789 1965 utrinque
801 1903 847 1952 lia·

102 1975 163 2024 bant
182 1989 237 2026 cum
257 1973 489 2038 paucis‘procerum
508 1973 534 2020 in
551 1974 659 2022 medium
676 1974 748 2024 duces
763 1993 850 2042 proce·

101 2051 173 2101 dunt.
207 2051 247 2099 Ibi
266 2047 322 2098 infit
340 2048 463 2097 Albanus:
487 2051 589 2113 Irq'urias,
607 2052 634 2100 dr
649 2068 688 2101 non
707 2055 800 2104 redditas
815 2071 853 2108 res

55 2138 66 2153 ⁸
102 2127 226 2192 ecfodere
243 2143 285 2192 que
295 2124 445 2192 repetitefint
462 2125 539 2194 &ego
549 2143 621 2193 regem
632 2131 724 2192 rfflrum
742 2133 852 2194 Cluilium,

100 2203 188 2268 causam
204 2203 286 2267 hujusce
300 2200 337 2267 effe
348 2200 403 2263 belli,
413 2199 494 2266 audiffl
504 2203 594 2252 videor:
611 2221 648 2254 nec
658 2214 679 2255 te
689 2206 766 2273 dubito,
778 2211 852 2278 Tulle,

102 2279 177 2328 eadem
185 2288 230 2343 pra
243 2278 341 2342 referre.
362 2278 409 2342 stri,
421 2277 508 2341 firvera
515 2280 596 2345 potiris,
607 2286 673 2348 quim
684 2284 741 2334 ditia
747 2288 852 2356 speciosi,

102 2355 190 2404 dicenda
197 2356 257 2418 fient
279 2354 370 2418 cupida
362 2356 449 2419 emperie
464 2356 513 2404 duos
527 2368 623 2423 cognatos
634 2361 751 2428 vicenosque
760 2366 852 2430 populos
941 2407 944 2414 .

102 2430 135 2478 ad
145 2429 321 2491 armastimulat
355 2433 442 2495 Neque,
456 2430 519 2494 relic,
531 2450 559 2480 an
566 2444 691 2499 perperam,
703 2439 851 2504 interpretor·

69 2556 73 2560 ,
98 2506 174 2571 sueni
183 2503 282 2568 rstaqru
290 2503 342 2553 del
344 2507 418 2569 erratio,
429 2505 549 2572 qurum
553 2511 654 2576 ssceprt
675 2529 710 2561 me
720 2514 803 2564 Alam
807 2532 850 2583 ge

100 2574 427 2631 rendobelloducemcreavere.
456 2583 552 2648 1,luire
565 2587 634 2649 Tulle,
651 2591 753 2639 aconitum
765 2593 854 2641 velim.-

10 2692 12 2699 ,
100 2658 199 2728 Etrffca
209 2673 251 2718 res
272 2668 349 2724 quanta
360 2674 458 2709 arcanos
467 2669 526 2726 teque
541 2670 635 2713 marrme
639 2664 678 2728 sil,
696 2668 735 2730 qud
739 2669 854 2732 propiores

104 2749 154 2798 vos,
170 2735 208 2783 hoc
224 2736 294 2800 magis
304 2737 357 2800 scis.
384 2737 474 2785 multum
490 2737 522 2785 illi
532 2741 599 2802 terri,
607 2741 727 2804 plurimum
739 2744 796 2789 mari
803 2743 854 2807 pol-

103 2813 157 2861 lent.
191 2812 286 2859 Memor
296 2810 345 2875 esto,
351 2813 410 2876 jam,
421 2829 485 2878 quum
490 2812 576 2879 ſsgnum
584 2827 659 2881 pugna
673 2815 739 2876 dalis,
755 2815 855 2870 hesdras

103 2888 161 2936 acies
168 2886 285 2951 [peliaculo
290 2888 357 2951 sum
374 2897 398 2938 ut
406 2888 474 2954 seffos
485 2890 630 2955 consciusque,
635 2891 701 2953 ftmul
711 2893 814 2946 viiirrem
827 2913 856 2949 ac

104 2961 358 3032 vitiumpggredlarnr.
384 2967 469 3033 Itaque,
473 2961 498 3029 st
507 2979 543 3015 nos
553 2964 583 3016 dii
593 2976 675 3037 amant,
690 2971 796 3038 quoniam,
814 2990 856 3027 mu

462 3042 482 3090 B
498 3053 514 3091 2
803 3065 853 3100 con·
