1964 3660
153 153 188 224 Ω
413 163 450 214 Τ.
485 156 642 214 lett

152 249 259 317 speuare
270 251 401 319 Pythicam
412 267 512 315 vocem,
523 247 595 301 velut
605 251 622 299 si
633 249 759 318 prolapsus
770 249 904 315 cecidisse

153 337 244 396 terram
260 328 346 378 osculo
367 328 488 390 contigit:
507 327 606 390 scilicet,
626 327 693 393 qubd
711 344 741 378 ea
760 329 902 379 communis-

152 413 232 453 tnater
251 405 363 454 omnium
383 403 525 453 mortalium
540 403 606 451 silet.
641 403 757 454 Reditum
772 405 829 455 inde
846 407 903 454 Ro·-

151 494 227 545 mam‚
244 481 288 531 ubi
300 479 415 530 adversus
425 480 531 531 Rutulos
541 480 633 531 bellum
647 477 742 532 sumna
752 483 780 533 vi
796 480 903 550 paraba-

152 567 202 607 iul'.
901 582 904 587 ·

184 636 269 685 LVII.
288 634 394 685 Ardeam
406 633 492 685 Rutuli
502 634 634 701 habebant,
644 650 710 701 gens,
721 636 784 686 utin
795 650 825 684 ea
836 635 905 699 regia

151 726 200 762 one
211 722 286 777 atque
295 713 320 761 in
329 729 358 762 ea
369 723 448 776 atate,
465 711 560 763 divitiis
571 715 724 781 praepollens.
752 726 829 777 eaque
848 709 915 778 ipsa¹
962 750 966 762 .

152 789 224 840 caula
235 791 294 841 belli
302 791 357 854 luit,
370 790 436 856 qubd
447 804 493 841 rex
502 794 628 843 Romanus
637 802 690 840 tum
699 790 750 857 ipse
759 789 841 873 (lifagi,
853 772 973 841 exas‘nt‘n·

152 868 249 919 haullus
265 869 449 934 magnificentia
465 869 621 936 publicorum
632 884 744 937 operum,
755 866 904 934 tum'pracla·

150 945 253 998 delinire
265 949 423 1016 popularium
431 949 527 998 animos
537 949 660 1009 studebat;
678 945 848 1015 prateaaliam
859 946 902 994 iu·

150 1026 263 1090 perbiam
274 1041 351 1090 regno
360 1026 459 1075 infestos
466 1026 550 1088 etiam,
567 1026 633 1092 quud
643 1024 668 1074 se
679 1026 704 1074 ih
713 1025 840 1074 fabrorm
845 1023 900 1071 mi·

150 1103 253 1153 nistcriis
264 1120 292 1153 ae
304 1103 386 1167 seruili
400 1102 494 1151 tamdiu
508 1102 606 1151 habitos
621 1109 702 1168 opere
712 1103 746 1151 ab
761 1115 818 1165 nege
834 1100 903 1150 indi-¹

150 1180 298 1239 gnabantur·
326 1183 435 1226 Tentata
451 1192 489 1225 res
500 1177 540 1240 est,
557 1177 573 1225 fi
586 1179 667 1242 primo
677 1177 837 1243 impetuvcapi
849 1180 897 1226 Ar·

149 1252 196 1302 dea
207 1251 293 1318 pollet.
310 1251 354 1300 ubi
368 1251 393 1301 id
404 1265 492 1318 parum
502 1252 622 1317 procellat,
641 1251 766 1300 oblidione
776 1253 897 1300 munitio·

149 1330 269 1394 nibulque
280 1331 353 1397 coepti
365 1329 443 1396 premi
455 1330 542 1378 hostes.
560 1333 590 1379 In
601 1331 631 1379 iis
641 1329 743 1391 ilativis,
760 1339 788 1378 ut
801 1328 830 1378 fit
840 1329 896 1379 lon·

149 1421 183 1473 go
192 1409 270 1472 magis
279 1413 355 1474 quam
365 1408 415 1457 acri
424 1406 497 1471 bello,
509 1405 565 1456 latis
572 1406 643 1457 liberi
651 1417 803 1457 commeatus
811 1417 897 1456 erant:

150 1487 300 1552 primoribus
311 1496 393 1534 tamen
403 1485 489 1550 magis,
506 1485 581 1550 quam
596 1484 726 1534 militibus.
758 1485 830 1548 Regii
841 1487 897 1550 qui·

149 1562 205 1612 dem
222 1563 326 1624 juvenes
341 1561 466 1612 interdum
475 1563 555 1614 otium
572 1563 698 1613 conviviis
714 1563 896 1612 commeffatio·

150 1637 272 1704 nibusquc
289 1639 390 1688 intense
402 1639 522 1689 terebant.
550 1638 615 1689 forte
630 1639 771 1706 potantibus
783 1639 819 1688 his
830 1639 900 1705 apud·

150 1717 207 1764 Sex.
216 1716 395 1780 Tarquinium,
411 1715 492 1764 ubi&
506 1716 642 1766 Collatinus
659 1715 771 1765 coenabat
788 1718 902 1780 Tarqui-¹

150 1793 215 1855 nius,
233 1791 316 1857 Egerii
328 1793 400 1857 filius,
418 1793 504 1846 incidit
517 1793 548 1843 de
562 1794 684 1844 uxoribus
694 1793 801 1842 mentio:
827 1792 899 1845 suant

149 1870 251 1936 quisque
261 1871 360 1923 laudare
370 1871 441 1922 miris
452 1871 540 1922 modis.
575 1871 633 1922 inde
643 1873 776 1923 certamine
787 1871 902 1935 accenso,·

151 1949 287 2001 Collatinus
301 1960 383 2016 negat,
399 1947 474 2000 seriis
490 1962 541 2018 opus
556 1949 603 2018 effe,
616 1950 690 2017 paucis
708 1951 732 2000 id
742 1949 823 2018 quidem
841 1949 900 2002 horu

145 2025 203 2094 poffe
208 2029 269 2094 sciri,
286 2038 385 2096 quantum
395 2029 471 2079 ceteris
481 2029 564 2094 prestet
574 2028 675 2078 Lucretia
679 2030 729 2095 sua.
755 2031 823 2095 Qin,
829 2029 851 2094 st
860 2029 898 2078 vi-

69 2128 73 2138 x
143 2119 188 2172 gor
198 2105 295 2168 juventa
308 2107 368 2170 inest,
385 2106 535 2172 conscendimus
549 2120 616 2173 equas,
632 2107 778 2172 incitamusque
787 2109 920 2173 presentes.

148 2181 265 2244 nostrarum
281 2183 389 2248 ingenia?
404 2183 434 2232 Id
443 2183 514 2246 cuique
523 2181 701 2246 spellatiffimum
711 2181 749 2244 fit,
766 2183 861 2248 quodncc
872 2199 896 2232 o·
955 2215 958 2219 -

144 2258 221 2323 pineto
231 2258 278 2305 viri
287 2259 382 2306 educam
391 2259 505 2307 occurrent
515 2259 586 2306 oculis.
603 2257 759 2308 Incaluerant
769 2259 840 2310 vino.
850 2274 899 2327 age

141 2329 204 2397 sate,
213 2348 308 2384 omnes.
318 2335 397 2383 citatis
407 2335 475 2400 equis
484 2331 729 2384 advolantRomam.·
742 2338 801 2398 Qub
810 2351 897 2403 quum,

148 2411 234 2479 primis
245 2410 269 2459 se
280 2409 462 2461 intendentibus
470 2411 584 2476 tenebris,
602 2409 774 2478 pervenissent,
791 2424 898 2479 pergunt

149 2487 207 2537 inde
220 2486 367 2538 Collatiam:
382 2487 427 2539 ubi
444 2489 595 2554 Lucretiam,
612 2489 803 2556 haudquaquam
819 2502 847 2541 ut
857 2507 897 2542 re-

149 2564 201 2630 gias
213 2578 296 2629 nurus,
313 2579 373 2628 quas
386 2565 413 2614 in
432 2565 554 2615 convivio
570 2566 681 2632 luxuque
698 2583 755 2616 cum
766 2569 899 2633 aequalibus

148 2640 263 2691 viderant
275 2652 371 2707 tempus
382 2651 495 2704 terentes,
512 2640 554 2690 sed
571 2642 642 2692 nolle
655 2641 707 2692 seri.
717 2643 825 2694 deditam
837 2647 899 2698 lanae

149 2717 214 2769 iuter
224 2717 380 2770 lucubrantes
391 2718 489 2768 ancillas
498 2719 523 2768 in
535 2719 617 2769 medio
627 2720 717 2770 adium
726 2721 848 2772 sedentem
860 2725 898 2773 in·

150 2797 264 2845 veniunt.
299 2795 428 2846 Muliebus
445 2798 585 2847 certaminis
602 2799 654 2847 laus
671 2815 745 2866 penes
756 2801 897 2853 Lucretiam

149 2872 207 2925 luit.
224 2866 358 2925 adveniens
371 2876 600 2942 vic-Tarquiniique
610 2880 710 2945 excepti
721 2880 834 2944 benigne.
858 2881 899 2928 vi-

95 3020 100 3033 ,
148 2951 319 3015 Ronmaritus
330 2955 434 3008 comiter
445 2955 537 3009 invitat
547 2956 754 3022 cegimjutrencs.
788 2958 899 3009 lbisex⁴

153 3062 157 3068 .
829 3035 899 3087 Tar*
