1964 3660
174 240 221 288 150
427 223 658 277 'nntvrt
760 188 768 207 x

169 315 249 362 sissent
265 313 290 361 in
306 311 462 379 prohibendo
480 313 580 377 deteuu,
598 313 629 363 stc
647 323 727 380 patres
744 313 770 363 in
784 314 846 379 lege,
864 331 923 381 quae

169 407 212 458 per
223 406 308 441 omnes
319 392 454 441 comitiales
471 391 520 440 dies
532 390 664 454 ferebatur,
682 391 835 458 impedienda
847 400 918 457 gere-

168 469 237 523 bant.
272 469 375 517 Initium
394 479 447 518 erat
465 469 533 531 tiitae,
559 484 636 532 quum
655 468 776 517 discedere
796 469 919 536 populum

166 541 282 606 jussissent
295 545 397 606 tribuni,
415 543 486 609 qudd
498 539 580 593 Patr'es
600 545 624 604 se
644 543 797 594 summoveri
809 545 875 595 haud
886 544 916 594 fi-

168 620 269 671 nebant.
286 635 332 670 nec
349 620 399 670 scri
419 621 525 671 seniores
543 623 578 671 rei
592 623 737 682 intererant;
755 623 848 688 quippe
862 637 918 688 quae
962 637 967 645 ’

167 709 220 746 uon
232 697 332 747 consilio
346 698 459 763 regenda,
477 698 517 749 sed
532 697 644 765 permissa
655 699 784 747 temeritati
796 698 918 749 audaciae-

168 767 216 838 qite
227 774 293 824 esset.
328 776 438 826 Multum
450 777 475 826 de
492 776 602 827 consules
616 776 640 825 se
655 776 815 839 abstinebant,
832 776 921 827 necui

167 850 194 900 in
206 853 349 903 colluvione
366 869 449 905 rerum
462 854 614 917 majestatem
631 851 699 902 suam
711 852 865 902 conmmeliae
876 851 917 912 os,
930 884 932 888 .

169 927 270 979 settent.
306 929 379 980 Kaeso
392 941 444 980 erat
456 930 592 994 Quiniiius,
605 929 677 979 ferox
687 929 794 993 juvenis,
810 933 859 993 qua
869 943 932 979 no-·

163 1005 263 1056 bilitate
277 1008 363 1072 gentis,
381 1013 429 1074 qua
446 1009 556 1073 corporis
577 1006 746 1071 magnitudine
766 1006 791 1056 de
810 1006 916 1056 viribus.

167 1082 199 1132 ad
211 1100 239 1132 ea
249 1100 359 1148 munera,
371 1084 427 1133 d'nta
438 1087 453 1132 a
465 1084 527 1145 Diis,
539 1083 565 1132 dt
576 1081 627 1147 ipse
638 1082 764 1132 addiderat
774 1082 857 1133 multa‘
863 1081 917 1132 bel.

98 1165 101 1170 '
168 1159 294 1222 lidecora,
311 1159 500 1221 facundiamque
519 1159 547 1206 in
563 1156 634 1217 soro;
650 1167 679 1206 ut
697 1173 780 1221 nemq
796 1173 849 1208 non
868 1158 920 1208 lim

167 1236 223 1298 gud,
234 1252 285 1285 non
295 1231 378 1297 manu,
387 1235 534 1300 promptior,
549 1234 577 1282 in
588 1234 690 1282 civitate
701 1235 840 1284 haberetur.
859 1238 922 1302 Hic,

168 1325 246 1375 quum
262 1312 288 1359 in
305 1310 388 1359 medio
406 1311 506 1358 Patrum
524 1309 624 1372 agmine
642 1307 789 1374 constitisset,
807 1312 922 1363 eminens

166 1387 231 1437 inter
247 1381 316 1449 alios,
335 1387 404 1435 velut
421 1398 509 1434 omnes
523 1382 654 1435 dictaturas
670 1384 858 1452 consulatusque
873 1403 916 1452 ge·

165 1478 221 1513 rens
232 1464 264 1512 in·
270 1478 334 1513 voce
352 1478 381 1511 ac
393 1460 489 1511 viribus
505 1459 561 1524 suis,
578 1475 642 1510 unus
652 1462 758 1528 impetus
769 1463 921 1514 tribunicios.

166 1539 346 1608 popularesque
361 1536 487 1607 proeellas
506 1536 660 1598 sustinebat„
680 1539 736 1588 Hoc
755 1536 826 1603 duce,
853 1537 919 1606 saepe

167 1617 228 1683 pulsi
239 1616 296 1666 soro
310 1614 412 1677 tribuni,
428 1613 482 1663 susa
492 1630 521 1665 ac
534 1613 619 1679 fugata
630 1613 698 1681 plebs
709 1615 751 1664 est.
786 1616 829 1680 qui
841 1616 916 1666 obvi·

167 1706 195 1743 tu
206 1693 295 1757 fuerat,
318 1692 441 1742 mulcatus
450 1688 603 1756 nudatusque
613 1691 717 1742 abibat:
732 1701 760 1741 ut
770 1690 827 1742 satis
838 1708 916 1760 appa-

166 1782 239 1835 reret,
257 1769 275 1820 fi
286 1769 318 1820 iic
328 1772 369 1834 agi
380 1768 472 1835 liceret,
490 1766 582 1818 vittam
592 1768 672 1833 legem
683 1765 738 1826 esse.
761 1772 839 1834 Tum,
856 1784 916 1836 pro-

167 1852 198 1918 pe
206 1850 258 1914 jam
271 1847 384 1916 perculsis
401 1846 455 1897 aliis
466 1846 578 1911 tribunis,
597 1849 629 1896 A.
642 1845 779 1912 Virginius,
795 1861 829 1898 ex
840 1846 920 1908 colle-¹

166 1926 210 1992 gio
223 1942 295 1992 unus,
312 1926 410 1977 Kaesoni
429 1925 516 1992 capitis
533 1923 599 1975 diem
614 1923 684 1976 dicit.
701 1926 921 1990 atrox-ingenium,

166 2004 310 2054 accenderat
329 2020 362 2054 eo
378 2001 446 2054 utto
455 2004 541 2068 magis,
559 2007 634 2068 quint
645 2013 827 2053 conterruerat:
846 2018 876 2053 eo
887 2017 919 2053 a·

78 2140 80 2146 .
167 2081 232 2131 erius
243 2080 338 2129 obstare
349 2081 406 2144 legi,
423 2080 518 2143 agitare
528 2079 632 2146 plebem,
649 2080 762 2129 tribunos
773 2079 843 2129 velut
850 2078 918 2142 justo

165 2156 279 2223 persequi
290 2156 365 2205 bello.
400 2155 537 2204 Accusator
553 2157 604 2223 pati
618 2171 689 2204 reum
704 2168 783 2217 ruere,
800 2156 933 2206 invidiaew

166 2244 215 2295 que
225 2233 351 2280 flammam
366 2235 397 2280 ae
411 2233 539 2280 materiam
550 2231 692 2281 criminibus
706 2231 753 2280 suis
768 2230 922 2295 suggerere-a,

166 2305 365 2369 legemtntertm,
382 2321 434 2354 non
445 2317 497 2355 tam
515 2305 546 2355 ad
558 2305 624 2372 spem
636 2307 782 2374 perferendi,
796 2312 871 2372 quam
881 2308 918 2366 ad

165 2379 325 2431 lacessendam
348 2381 456 2432 Kaesonis
475 2383 645 2448 temeritatem,
662 2383 734 2434 serre.
769 2383 810 2432 Ibi
827 2385 916 2451 multa,

165 2458 228 2526 saepe
239 2459 270 2509 ab
279 2460 414 2524 juventute
428 2458 563 2510 inconsulte
581 2460 644 2511 dista
661 2461 781 2529 sasiaque,
798 2464 824 2513 in
840 2464 919 2514 unius

143 2542 149 2591 l
167 2537 276 2588 Kaesonis
287 2536 423 2607 suspcitum
435 2537 546 2588 incidunt
563 2539 704 2604 ingenium:
722 2551 803 2590 tamen
815 2542 863 2606 legi
875 2557 916 2591 re·

166 2615 299 2667 sistebatur.
334 2619 367 2666 Et
387 2621 419 2666 A.
432 2617 559 2681 Virginius
579 2617 712 2670 identidem
732 2620 812 2687 plebi:
830 2619 920 2687 Ecquid

158 2694 313 2760 finiitisjani,
327 2709 375 2756 vos,
393 2693 500 2758 Quirites,
517 2695 625 2759 Kaesonem
632 2695 700 2761 fimus
713 2697 786 2745 civem
798 2697 825 2746 dr
835 2696 914 2761 legem,

164 2777 228 2835 qulam
243 2770 330 2836 cupitis,
347 2764 424 2824 babere
443 2788 482 2820 non
495 2769 573 2838 poffl’?
590 2789 705 2840 quanquam
724 2773 774 2838 quid
789 2789 827 2839 ego
844 2774 918 2840 legem

163 2846 253 2913 loquor?
268 2847 362 2898 libertati
372 2848 446 2912 obsint
461 2864 532 2898 omnes
544 2851 670 2916 Tarquinios
680 2850 782 2916 superbiri
792 2852 913 2916 effuperat.

164 2923 303 2988 Exspeiiate,
313 2925 362 2973 ditm
372 2926 441 2992 consul
449 2935 487 2976 aui
500 2925 718 2992 didatorfiatsguem
725 2926 841 2991 privatum
852 2928 912 2975 viri

163 2997 201 3075 dtu
212 2999 240 3054 d·
253 3000 343 3053 audacis
352 3013 477 3074 regnantem
492 3002 583 3057 vidue.
617 3002 816 3057 ,assentiebantur
831 3003 915 3064 multi,

578 3095 580 3098 ’
804 3076 916 3152 pulsatos,
