1964 3660
21 173 29 195 ⁵
119 225 173 277 nn
383 215 419 271 τ.
453 196 610 272 u‘rvrr

119 311 228 375 propere
244 311 257 357 ὲ
275 305 375 370 tugurio
399 306 508 373 proferre
528 320 635 355 uxorem
652 304 773 356 Raciiiam
790 305 872 371 jubet·

124 387 183 448 Qud
201 385 277 448 sonui,
295 383 400 433 absterso
419 385 567 450 pulvereae
589 383 685 449 sudore,
703 385 799 434 velanrs
814 403 872 457 pro-

121 461 198 524 eeffit,
214 461 358 511 didtatorem
377 476 434 511 eum
448 461 525 525 iegati
536 461 689 525 'gratulantes
700 461 872 512 consalutant:

121 538 149 587 in
161 539 246 588 urbem
258 549 350 588 vocant
360 557 366 588 :
384 539 427 603 qui
437 548 516 588 terror
526 537 555 586 fit
565 538 591 587 in
601 539 722 601 exercitu,
732 549 872 605 exponunt.

122 617 203 668 Navis
222 617 339 682 Quinsiio
357 616 454 683 publice
472 627 557 683 parata
576 616 632 681 suit,
658 605 873 683 transvestum'que

118 704 171 745 tres
185 696 288 746 obviam
302 695 385 760 egreffi
396 695 441 744 filii
452 697 596 784 excipiunt,
614 695 671 746 inde
684 695 727 744 alii
738 696 873 763 propinqui

121 773 298 838 atqueamici‚
315 783 369 823 tum
380 776 481 824 Panum
495 774 576 836 major
589 788 654 840 pars.
688 772 873 843 Easrequentid

33 862 38 874 ·’
119 848 238 914 stipatus,
257 849 457 899 antecedentibus
474 848 607 910 littoribus,
634 845 749 897 deduslus
767 847 800 896 est
825 847 870 897 do·
894 867 901 882 ι

82 989 86 1000 Ι
122 941 212 978 mum:
231 927 256 976 81
267 927 346 994 plebis
358 927 506 979 concursus
500 941 585 991 ingens
596 926 653 976 furt
687 923 728 974 sed
738 939 767 974 ea
777 941 870 991 nequa

119 1019 200 1070 quam
219 1015 269 1055 tam
285 1006 340 1056 laeta
350 1005 494 1070 Quintiium
512 1004 636 1066 vidit5&
638 1002 744 1071 ,imperii
758 1003 871 1068 nimium,

117 1083 151 1132 dt
168 1085 251 1133 virum
267 1085 294 1134 in
312 1084 366 1150 ipso
385 1085 491 1151 imperio
512 1085 724 1132 vehementiorem
742 1091 804 1132 rata.
838 1085 870 1132 Et

120 1160 166 1210 ina
177 1160 276 1227 quidem
295 1161 366 1212 node
382 1162 444 1210 nihil
465 1172 628 1228 praeterquam
645 1161 776 1226 vigilatum
795 1160 872 1211 estin
914 1178 918 1183 ·

118 1237 195 1286 urbe.

156 1317 270 1363 XXVII.
288 1313 386 1372 Postero
405 1312 445 1363 die
457 1280 569 1375 uitiator,
586 1327 663 1380 quum
674 1324 730 1363 ante
747 1314 852 1364 lucem
844 1329 871 1367 m

120 1392 205 1444 sorum
218 1391 328 1456 venisset,
345 1392 486 1455 magistrum
503 1393 614 1457 equitum
631 1391 742 1442 dicitL.
762 1394 870 1456 Tarqui·
904 1433 908 1436 .

119 1471 186 1520 tium
199 1471 306 1537 patricia
321 1470 406 1534 gentis,
424 1468 464 1519 sed
482 1471 533 1535 qui,
550 1486 627 1537 quum
639 1469 756 1536 stipendia
767 1469 871 1534 pedibus

118 1558 225 1618 propter
238 1558 408 1617 paupertatem
421 1547 521 1612 fecisset,
538 1549 604 1599 bello
618 1559 700 1599 tamen
711 1549 803 1616 primus
814 1547 870 1597 lon·
910 1581 912 1584 -

116 1633 152 1694 ‘ge
170 1632 288 1680 Romanae
302 1631 440 1693 juventutis
460 1630 557 1679 habitus
576 1628 643 1678 esset.
679 1633 743 1677 Cum
754 1627 871 1690 magistro
902 1662 905 1667 -

117 1707 234 1771 equitum
255 1708 280 1756 iu
298 1706 444 1757 concionem
462 1708 539 1772 venit,
554 1707 675 1771 justitium
688 1705 770 1770 edicit,
789 1703 870 1754 claud-i

118 1778 235 1834 tabernas
249 1785 303 1835 tota
320 1785 381 1835 urbe
397 1785 477 1849 jubet,
506 1796 575 1836 vetat
594 1800 743 1852 quemquam
765 1784 871 1851 privatae

117 1864 252 1930 quicquam
265 1865 302 1915 rei
318 1879 398 1930 agere.
433 1866 511 1929 Tum,
529 1866 668 1932 quicunque
679 1874 749 1915 atate
768 1862 870 1913 militari

115 1941 202 2005 essent,
218 1942 315 2006 armati,
334 1958 391 1991 eum
402 1942 500 1992 cibariis
511 1943 542 2013 in
548 1941 599 1992 dies
610 1945 718 2009 quinque
730 1939 803 1991 costis
815 1940 869 1990 val·

120 2019 199 2086 lisque
210 2021 338 2087 duodenis,
355 2031 413 2072 ante
430 2023 487 2073 solis
498 2021 612 2074 occasum
629 2023 723 2072 Manio
735 2022 760 2071 in
780 2034 870 2086 campo

118 2097 227 2148 adessent
238 2116 244 2147 :
262 2100 351 2164 quibus
361 2111 418 2150 artas
427 2101 459 2150 ad
469 2101 624 2151 militandum
636 2100 738 2164 gravior
752 2097 817 2162 effet,
830 2098 870 2147 vi-

119 2175 179 2224 cino
190 2176 272 2237 militi,
289 2176 387 2224 dumis
404 2192 471 2225 arma
492 2186 596 2243 pararet,
613 2177 755 2240 vallumque
767 2185 870 2242 peteret,

104 2250 213 2300 'cibaria
225 2267 329 2314 coquere
345 2252 419 2314 justit.
454 2253 492 2299 S'ic
507 2253 626 2314 juventus
642 2251 755 2300 discurrit
766 2252 796 2301 ad
814 2253 869 2301 val-

116 2324 171 2374 ium
183 2326 325 2392 petendum.
351 2326 481 2394 sumpsere,
498 2326 564 2375 unde
575 2327 664 2391 cuique
675 2328 819 2392 proximum
828 2328 868 2377 fu·

117 2405 155 2454 it:
173 2404 313 2470 prohibitus
332 2420 407 2454 nemo
424 2406 472 2456 est:
491 2405 642 2471 impigreque
662 2420 749 2456 omnes
768 2406 799 2455 ad
816 2406 870 2456 edi·
915 2425 920 2436 ¹

115 2480 186 2531 dium
196 2481 320 2533 distatoris
332 2483 416 2550 praesto
428 2483 505 2532 suere.
540 2484 601 2534 Inde
612 2482 749 2551 composito
760 2487 867 2552 agmine,

114 2557 172 2610 non
184 2560 266 2611 itineri
275 2562 355 2626 magis
366 2563 426 2629 apti,
444 2568 518 2628 qu'am
530 2563 625 2630 proelio,
642 2561 710 2612 sires
725 2563 759 2612 ita
770 2557 867 2631 muffet,
894 2550 897 2555 ⁴

115 2639 228 2704 iegiones
246 2640 297 2708 ipse
312 2640 424 2704 ornator,
441 2641 554 2706 magister
573 2641 685 2708 equitum
703 2641 759 2692 suos
775 2645 869 2708 equites

115 2716 197 2768 ducit:
231 2721 262 2769 In
273 2729 378 2786 utroque
387 2721 493 2784 agmine,
512 2735 571 2786 quas
583 2731 680 2788 tempus
691 2719 771 2787 ipsum
782 2720 867 2787 posce·

114 2786 170 2855 bat,
187 2793 371 2845 adhortationes
391 2807 477 2845 erant:
495 2794 596 2846 adderent
608 2795 710 2862 gradum,
726 2804 834 2846 mauram
844 2813 869 2846 o-

114 2882 160 2938 ·pus
171 2871 217 2938 effe,
235 2882 260 2922 ur
270 2873 328 2923 nosse
341 2873 370 2923 ad
387 2872 463 2936 hostem
473 2874 589 2938 pervenire
596 2870 684 2938 peffent
718 2873 818 2937 consulem
830 2888 867 2922 ex·

114 2949 249 3014 ercitumque
259 2932 378 3002 Romanum
387 2968 400 3000 o
400 2949 482 3017 bftderi.
506 2952 593 3000 tertium
604 2949 715 3012 diemjam
725 2947 805 3015 danlae
811 2947 866 3013 effe:

111 3024 169 3091 quid
186 3038 265 3092 quaque
282 3041 323 3084 mx
341 3037 379 3088 aun
396 3027 442 3081 dies
451 3029 525 3107 serat,
542 3021 709 3092 inemtmtffe:
721 3022 867 3091 pmfflfitpss

731 3098 866 3167 ungeris
