1964 3660
372 223 544 277 LIBER
575 224 612 275 Va
687 252 691 261 ·
808 229 860 287 289

113 302 317 378 tramunitionea,
328 326 374 365 nec
385 313 433 364 suia
440 314 601 365 munimentis
607 315 690 363 arcete
698 313 761 378 vim,
777 327 806 363 ac
817 323 858 363 tu·

111 394 151 442 eri
162 392 187 442 se
197 392 228 442 ab
240 393 363 444 exteriore
375 402 489 459 poteraut
498 391 574 442 hoste.
593 406 643 440 una
653 389 706 458 sper
718 400 778 455 erat,
795 389 859 443 sex

114 468 342 534 maioribue'eastria
353 468 532 532 subveniretur,
548 465 687 517 utdiversae
698 466 814 532 legiones,
829 481 859 517 a·

114 546 154 597 lie
164 544 281 596 adversus
293 550 443 614 Capenatem
450 561 481 595 ac
496 544 624 609 Faliscum,
640 546 694 595 alia
708 556 860 596 contractu·

115 624 228 691 ptioncrn
239 622 421 692 oppidanorum
431 632 577 691 pugnarent.
612 622 657 673 sed
669 622 750 673 eastris
758 631 861 690 praerat

117 702 253 766 Virginius,
278 702 398 769 privatim
423 701 508 764 Sergio
527 698 621 751 invisus
640 698 796 766 insestusque.
830 701 861 765 it,

115 793 195 844 quum
205 779 321 846 pleraque
332 777 427 829 astella
438 788 590 844 oppugnata,
606 775 730 844 superatas
741 779 861 829 munitio-

117 871 168 919 nes,
185 859 301 924 utrinque
315 855 503 909 invehi'hossem
511 857 676 919 nunciaretur,
693 857 720 906 in
730 857 861 907 anniami-

116 932 173 984 litcs
184 936 280 986 tenuit:
298 935 316 985 si
332 950 396 1003 opus
413 933 478 985 soret
493 934 597 997 auxilio,
613 934 734 998 collegam
749 933 862 987 diuitem

117 1011 183 1062 adse
193 1005 329 1064 missurum.
355 1013 436 1076 Hujus
447 1006 612 1077 arrogantiam
621 1013 755 1079 pertinacia
763 1013 863 1064 alteriue

115 1089 245 1155 equanam
261 1092 353 1156 quine
361 1104 434 1156 quam
443 1104 517 1156 opem
527 1090 559 1138 ab
568 1089 671 1138 inimico
680 1088 807 1138 videretur
818 1103 863 1155 pe-

118 1165 179 1231 tllle,
196 1169 265 1217 vinci
272 1169 304 1218 ab
315 1169 391 1234 hoste,
408 1172 482 1233 quam
491 1169 592 1218 vincere
603 1182 647 1234 per
657 1168 748 1232 civem,
764 1167 862 1218 maluit.

118 1246 172 1307 Diu
183 1246 209 1295 in
225 1246 308 1296 medio
320 1246 370 1296 caesr
382 1246 485 1307 milites3
503 1245 632 1312 postrema,
650 1245 748 1295 desertis
760 1247 862 1295 muniti-

118 1322 217 1387 onibus,
235 1325 350 1392 perpauci
364 1325 390 1374 iu
401 1324 498 1388 maj0ra
508 1324 591 1388 castra,
609 1339 664 1391 pars
672 1325 782 1374 maxima
789 1335 865 1390 atque

79 1437 84 1447 .
119 1399 172 1468 ipse
183 1405 283 1465 sergius
296 1393 404 1452 ¹Romam
420 1401 602 1467 pertenderunt,
619 1399 664 1450 ubi
675 1417 751 1466 quum
763 1415 863 1454 omnem

119 1477 218 1546 culpam
226 1479 254 1528 in
262 1479 381 1543 collegam
392 1478 529 1542 inclinaret,
544 1479 619 1528 acciri
628 1479 769 1543 virginium
778 1492 812 1529 ex
822 1494 865 1529 ca-

118 1555 179 1619 stris,
196 1554 290 1606 interea
307 1554 404 1624 praesse
420 1556 514 1620 legator
529 1556 631 1623 placuit.
664 1555 727 1622 Asia
737 1555 826 1607 deinde
837 1558 865 1610 in

119 1631 205 1682 senatu
216 1648 254 1682 res
265 1632 307 1696 cst,
325 1641 495 1697 certatumque
514 1632 580 1680 inter
595 1632 700 1695 collegas
720 1631 865 1683 maledisiis.

120 1708 193 1774 pauci
204 1707 352 1774 reipublicae,
369 1706 427 1755 huic
442 1716 519 1770 atque
537 1705 582 1768 illi,
598 1705 747 1776 utquosque
758 1705 864 1758 studium
941 1763 943 1766 ,

119 1784 238 1850 privatim
249 1793 292 1832 aut
304 1783 382 1846 gratia
393 1791 589 1848 occupaverunt,
607 1780 704 1831 adsunt.

154 1862 202 1908 IX.
221 1860 341 1908 Primores
358 1860 466 1919 Parrum,
491 1856 542 1905 five
561 1855 632 1922 culpd
651 1855 702 1907 save
720 1855 865 1910 infelicitate

120 1935 298 2002 imperatorum
306 1942 358 1984 tam
367 1931 532 1996 ignominiosa
540 1932 619 1983 clades
626 1943 727 2000 accepta
736 1937 800 1999 esset,
810 1951 867 1986 cen.

120 2013 198 2075 suere,
216 2015 271 2061 Non
277 2009 435 2077 expertarum
440 2011 523 2074 justum
531 2017 615 2075 tempus
622 2010 763 2075 comitiorum,
774 2013 815 2078 fed
827 2027 866 2063 ex·

119 2089 200 2156 templo
208 2096 276 2140 iuvas
286 2087 379 2139 triburas
390 2087 483 2138 militum
493 2087 592 2138 creandos
604 2087 653 2157 ff,
667 2089 703 2155 qui
716 2090 821 2140 Kalendis
835 2095 866 2141 O·

118 2166 224 2219 nuribus
231 2167 379 2235 magistratum
386 2165 781 2234 reciperent.=1nouarnsententiaiu
788 2184 867 2235 quum

121 2244 225 2312 pedibus
236 2244 320 2307 iretur,
334 2243 411 2294 'ceteri
419 2242 512 2294 tribuni
523 2242 630 2294 militum
638 2244 701 2294 nihil
712 2245 868 2296 contradice-

120 2335 159 2371 re.
174 2329 202 2370 at
219 2320 348 2370 enimvero
365 2319 461 2380 sergius
480 2318 664 2386 Virginiusque,
682 2332 784 2389 propter
802 2338 867 2390 quoe

122 2397 241 2463 poenitcre
257 2395 442 2460 magistratuum
459 2395 512 2459 ejua
528 2396 587 2445 anui
597 2394 708 2447 senatum
723 2399 866 2465 apparebat,

121 2472 204 2539 primo
214 2471 338 2536 deprecari
349 2471 520 2534 ignominiam,
538 2472 625 2523 deinde
636 2472 785 2524 intercedere
796 2475 866 2526 sena.

121 2545 290 2598 tusconsulto:
308 2561 406 2609 negare,
423 2545 519 2607 leante
535 2546 593 2599 Idur
610 2550 767 2614 Decembres,
784 2552 866 2602 solen·

121 2638 180 2674 uem
189 2621 300 2672 ineundis
308 2621 488 2685 magistratibus
499 2623 573 2688 diem,
584 2624 679 2677 honore
690 2626 800 2676 abituros
808 2627 867 2687 else.

98 2756 103 2760 k
122 2703 192 2752 Inter
202 2700 254 2750 hac
262 2699 356 2750 tribuni
365 2699 451 2767 plebia,
460 2715 544 2766 quum
554 2701 581 2751 in
591 2702 725 2754 concordia
735 2705 867 2760 hominum

122 2775 283 2841 secundisque
299 2775 372 2826 rebus
386 2777 494 2828 civitatis
510 2778 585 2829 inviti
595 2777 716 2830 silentium
728 2780 867 2846 tenuissent,

121 2854 216 2906 seroces
227 2856 327 2919 repente
337 2853 426 2903 minari
438 2854 542 2905 tribunis
552 2855 667 2920 militum,
683 2857 728 2906 nisi
738 2857 765 2906 in
781 2858 866 2908 audio·

121 2932 196 2984 ritate
207 2929 304 2982 senatur
315 2929 398 2994 essent,
414 2931 439 2981 se
450 2933 475 2981 in
488 2933 588 2985 vincula
597 2948 640 2984 eor
651 2933 708 2983 duci
716 2932 820 2997 jussuros
829 2933 867 2986 es·-

122 3008 160 3065 se.
193 3010 266 3065 Tun
276 3011 307 3065 c.
319 3008 438 3069 &unius
447 3009 528 3073 Abala
537 3010 651 3068 uranu
660 3009 785 3068 uiuum:
800 3011 870 3082 Quod
