1964 3660
157 245 195 294 70
416 232 685 291 T.L1v11,

152 397 176 451 I.
184 387 330 592 Liberi
340 391 392 455 jam
404 393 462 444 hine
474 395 560 463 populi
572 396 679 446 Romani
692 410 737 460 res,
755 412 815 466 pace
825 397 904 451 bello-

279 482 326 533 que
335 468 417 532 gestas,
429 485 523 519 annuos
531 472 691 534 magistratus,
701 473 852 540 imperiaque
866 477 903 526 le.

280 557 348 607 gum,
371 543 511 609 potentiora
531 549 605 608 quam
624 545 763 608 bominum,
775 563 903 613 peragam.

153 623 216 685 Quae
227 619 325 670 libertas
335 629 364 668 ut
375 619 454 669 laetior
464 608 531 682 ellel,
547 620 657 686 proximi
668 621 732 685 regis
744 621 855 690 superbia
866 624 903 674 le·

152 707 227 749 cerat.
245 713 303 746 uam
314 698 408 762 priores
419 696 602 760 itaregnirunt,
619 706 648 745 ut
658 697 723 746 haud
735 698 862 749 immerito
874 717 902 750 o-

148 790 217 825 mnes
224 775 338 840 deinceps
348 773 487 824 conditores
499 774 608 841 partium
617 778 681 823 certe
692 775 768 839 urbis,
787 791 847 840 quas
855 794 901 828 no·
962 830 967 836 ,

150 866 199 901 vas-
211 853 256 921 ipfi
269 852 335 902 ledes
351 851 384 902 ab
403 849 428 900 se
438 850 513 900 audlae
525 849 676 900 multitudini
688 851 900 916 addiderunt,·nu-

146 941 285 980 merentur:
295 944 374 996 neque
384 928 525 992 ambigitur,
536 929 597 993 quin
608 932 695 978 Brutus
708 928 782 991 idem,
794 930 837 994 qui
848 940 901 981 tan-

147 1013 203 1055 tum
218 1007 309 1070 gloriae,
323 1006 433 1072 Superbo
444 1004 531 1054 exailo
543 1019 608 1068 rege,
625 1006 723 1073 meruit,
736 1005 837 1073 pellimo
853 1023 900 1074 pu·

87 1085 91 1095 ⁸
143 1085 214 1136 'blico
225 1086 251 1135 id
262 1085 368 1134 fallurus
377 1083 460 1145 fuerit,
480 1081 624 1131 filibertatis
636 1083 772 1133 immatura
783 1085 900 1151 cupidine

147 1161 260 1229 priorum
274 1176 360 1225 regum
371 1159 444 1208 alicui
456 1172 559 1220 regnum
576 1159 718 1208 extorsrffet.
754 1160 823 1224 Quid
832 1163 899 1215 enim

147 1237 259 1297 futurum
272 1238 327 1300 suit,
351 1236 367 1284 sr
383 1236 424 1284 illa
440 1234 564 1302 pallorum
585 1251 801 1302 convenarumque
819 1240 898 1306 plebs,
916 1266 920 1271 ·

146 1315 271 1378 transfuga
287 1330 321 1388 ert
336 1311 384 1363 suis
394 1311 500 1379 populis,
517 1310 562 1360 sub
579 1312 654 1361 tutela
671 1313 787 1363 inviolati
808 1318 896 1384 templi

145 1401 189 1441 aut
195 1392 342 1454 libertatem,
350 1399 395 1439 aut
403 1391 466 1438 certe
474 1387 654 1454 impunitatem,
663 1389 759 1454 adepta,
769 1389 847 1442 soluta
858 1409 897 1443 re·

144 1470 189 1535 gio·
198 1480 275 1532 metu,
287 1468 374 1534 agitari
386 1477 466 1534 coapta
476 1464 534 1515 effer
541 1465 677 1516 tribuniciis
686 1469 815 1533 procellis?
833 1471 858 1520 δε
869 1473 905 1537 ὶιτΙ

143 1547 224 1598 aliena
233 1547 295 1598 urbe
312 1562 368 1596 cum
381 1545 492 1595 Patribus
503 1542 580 1593 serere
594 1545 735 1610 certamina,
752 1545 896 1614 priusquam

143 1625 248 1692 pignora
258 1626 393 1689 conjugum
404 1640 432 1672 ac
442 1623 585 1685 liberorum,
605 1621 742 1688 caritasque
753 1623 827 1690 ipsrus
839 1624 894 1690 soli,

140 1703 181 1751 cui
192 1703 269 1768 longo
281 1704 392 1768 tempore
402 1699 557 1761 alluescitur,
566 1699 662 1749 animos
672 1714 761 1751 eorum
778 1701 895 1752 consoci-

141 1779 215 1831 asset?
249 1780 372 1846 Diffipatae
382 1793 419 1828 res
437 1777 547 1828 nondum
564 1768 653 1826 adulta
664 1776 894 1832 discordiilorent:

140 1870 200 1923 quas
211 1855 277 1906 fovit
288 1855 417 1921 tranquilla
427 1852 566 1903 moderatio
575 1853 681 1920 imperii,
691 1857 771 1920 eoque
782 1856 894 1905 nutrien-

140 1931 180 1982 do‘
190 1932 315 2001 perduxit,
336 1942 365 1981 ut
381 1932 474 1983 borram
490 1928 587 1994 frugem
598 1929 717 1994 libertatis
728 1932 830 1980 maturis
839 1932 893 1994 jam
910 1957 915 1963 ·

139 2011 235 2063 viribus
243 2011 306 2063 ferre
316 2008 421 2081 pollent.
455 2007 588 2058 Libertatis
602 2017 686 2059 autem
698 2008 734 2067 ο·
753 2000 893 2078 inemit'id'e

138 2091 225 2153 magis,
242 2089 300 2156 quia
315 2103 425 2138 annuum
440 2081 574 2153 imperium
590 2023 828 2157 consulaffiailum
849 2089 891 2155 ell,

138 2171 213 2230 quam
227 2166 293 2230 quod
304 2165 460 2216 deminutum
471 2165 603 2228 quicquam
618 2163 647 2212 srt
656 2178 691 2213 ex
704 2166 772 2228 regia
784 2164 890 2231 potesta·

136 2253 172 2303 te,-
182 2255 302 2290 numeres.
338 2241 428 2290 Omnia
437 2239 504 2302 jura,
521 2239 606 2288 omnia
616 2238 719 2302 insignia
738 2241 812 2306 primi
829 2255 890 2291 con-

134 2316 196 2366 sules
206 2327 315 2367 tenuere.
344 2316 369 2365 id
385 2314 461 2364 modo
472 2325 571 2364 cautum
586 2314 629 2377 est,
641 2330 680 2380 ne,
692 2314 710 2364 st
721 2316 797 2366 ambo
814 2315 891 2369 fasces

137 2393 264 2458 haberent,
281 2391 420 2459 duplicatus
439 2401 520 2440 terror
535 2389 672 2441 videretur.
707 2395 795 2442 Brutus
811 2394 889 2460 prior,
908 2414 912 2424 ·

56 2516 61 2525 .
134 2471 287 2542 concedente
298 2472 401 2535 collegi,
413 2469 489 2519 fasces
501 2468 604 2518 babuit:
621 2470 663 2534 qui
675 2484 728 2519 non
738 2471 820 2521 acrior
831 2472 888 2523 viu-

72 2596 75 2602 ,
136 2545 185 2599 de!
196 2547 315 2598 libertatis
326 2548 416 2611 firerat,
433 2551 510 2615 quam
518 2544 606 2595 deinde
618 2546 696 2597 custos
708 2545 764 2596 suit.
801 2547 889 2598 Omni-

135 2636 180 2674 um
190 2624 299 2693 prlmum
310 2623 413 2676 avidum
420 2637 494 2674 novae
502 2623 623 2672 libertatis
634 2621 764 2692 populum,
782 2639 813 2674 ne
821 2625 888 2692 poll·

135 2700 240 2753 modum
253 2699 316 2751 flesti
332 2701 445 2770 precibus
458 2709 502 2750 aut
518 2698 589 2749 donis
601 2700 677 2764 reglis
690 2699 777 2768 pollet,
791 2702 886 2767 jureju-

66 2770 70 2775 ’
134 2778 213 2829 rabdo
227 2779 316 2845 adegit,
326 2779 450 2829 neminem
460 2781 545 2845 Roma
557 2775 665 2844 paffuros
676 2793 786 2844 regnare.
809 2780 888 2830 Dein·

134 2852 175 2918 de,
192 2860 241 2920 qud
252 2857 307 2924 plut
321 2857 414 2906 virium
425 2855 451 2906 in
463 2856 547 2905 senatu
561 2853 698 2921 frequentia
708 2855 784 2928 etiarn
794 2854 888 2907 ordinis

134 2927 235 2993 faceret,
251 2932 358 2982 caedibus
376 2933 440 2999 regis
455 2932 611 2983 deminutum
629 2934 731 2982 Panum
746 2944 887 2993 numerum,

133 3006 284 3083 primoribus
295 3009 408 3076 equestris
419 3009 508 3074 gradus
516 3006 591 3074 leidis,
603 3007 634 3060 ad
643 3018 810 3061 trecentorum
818 3005 885 3056 fum-

647 3108 651 3113 ·
817 3096 887 3139 mam
