1964 3660
159 173 193 220 πο
418 175 454 225 τ.
489 162 644 228 ιινῐῐ

160 269 198 310 ter
209 262 293 311 oculos
302 260 332 311 ad
344 275 456 328 proceres
468 266 636 331 Etruscorum,
653 281 718 316 nunc
729 265 835 333 singuloe
846 283 904 335 pro·

160 332 261 400 vocare,
279 355 344 390 nunc
362 341 487 408 increpare
502 359 594 404 omnes,
613 346 712 394 Servitia
724 345 906 413 rcgcmfirperbo·

158 429 216 475 rum,
228 416 271 476 stoa
281 414 386 463 libertatis
397 418 539 479 immemores,
557 419 649 467 alienam
665 429 809 486 oppugnatum
820 421 906 470 venire.

161 490 274 539 Cunllati
286 492 436 557 aliquamdiu
445 494 508 558 sunt,
520 495 579 544 dum
590 495 651 544 alius
659 496 742 559 alium,
754 508 782 546 ut
792 497 904 565 proelium

157 566 286 634 incipiant,
298 569 507 637 circumspeliant.
541 573 621 639 pudor
632 573 719 623 deinde
729 576 868 626 commovit
878 590 904 626 a·

159 644 232 706 ciem,
249 645 282 706 &,
300 646 405 696 clamore
422 647 526 712 sublato,
543 649 651 716 undique
668 652 693 699 in
713 666 790 701 unum
810 650 903 702 hostem

158 719 208 767 tela
219 720 363 782 conjiciunt.
400 726 462 785 Quae
480 738 559 788 quum
571 725 597 773 in
615 724 712 786 objelio
729 725 815 774 cunila
834 725 905 775 scuto

156 794 283 860 defluent,
299 813 379 862 neque
397 800 436 849 ille
453 802 533 849 minus
545 800 678 850 obstinatus
692 801 784 864 ingenti
802 812 904 867 pontem
931 841 939 857 .

158 874 283 932 obtineret
298 877 383 942 gradu,
398 878 450 942 jam
461 879 555 945 impetu
567 879 719 929 conabantur
728 877 856 928 detrudere
864 879 903 929 vi-

158 949 960 1026 mmmwmmmm·

159 1031 341 1096 Romanorum,
358 1034 482 1083 alacritate
494 1032 593 1099 perielli
605 1033 686 1100 operis
698 1031 814 1096 sublatus,
826 1047 906 1100 pavo·

159 1122 188 1161 re
199 1107 280 1160 subito
291 1112 412 1176 impetum
423 1111 543 1160 sustinuit.
566 1112 642 1158 -Tum
654 1109 748 1169 Cocles,
757 1108 857 1159 Tiberine
860 1120 904 1175 pa·

157 1193 201 1245 rer,
219 1188 308 1249 inquit,
325 1194 347 1233 re
357 1187 425 1239 dalle
433 1198 518 1253 precor,
535 1184 575 1233 bec
585 1201 648 1234 anna
656 1185 683 1236 dr
691 1184 744 1232 hunc
752 1185 843 1234 milicem
851 1197 905 1250 pro·

156 1261 214 1325 patro
224 1261 315 1322 nmine
330 1264 432 1328 acceptas.
467 1258 548 1309 nanc
562 1261 706 1309 armaturea
720 1259 835 1311 Tiberim
846 1252 917 1311 reri-⁴

158 1334 221 1394 luit3
237 1335 368 1401 multisque
388 1337 459 1403 super
478 1334 641 1385 incidentibus
660 1335 712 1385 telis
729 1335 859 1386 incolumis
874 1335 907 1387 ad

159 1411 217 1462 suos
228 1414 345 1474 tranavit,
362 1429 414 1463 rem
424 1412 496 1463 aulus
503 1413 556 1479 plus
564 1410 635 1461 samae
644 1413 782 1462 habituram
791 1412 821 1463 ad
831 1415 908 1481 polle-

157 1501 209 1552 ros,
227 1493 301 1554 quam
315 1488 382 1539 fidei.
418 1492 496 1539 Grata
510 1504 568 1552 erga
579 1498 672 1537 tantam
689 1489 808 1540 virtutem
818 1489 908 1542 civitae

136 1563 222 1622 *fuitr
240 1565 316 1616 statua
328 1567 352 1617 in
364 1567 468 1617 comitio
486 1567 573 1634 pofita,
590 1567 643 1630 agri
660 1578 781 1635 quantum
796 1582 848 1618 uuo
865 1568 906 1618 die

133 1656 137 1660 ·
158 1644 342 1707 circumaravit,
359 1644 453 1695 datum.
486 1645 587 1695 Privata
597 1658 698 1710 quoquc
708 1645 774 1696 inter
789 1643 904 1708 publicos

159 1721 269 1771 honores
285 1721 360 1771 lludia
372 1714 521 1772 eminebant.
549 1736 607 1771 nam
624 1721 650 1771 in
661 1736 752 1785 magna
765 1722 850 1788 inopia
861 1737 909 1790 pro

158 1797 297 1851 domesticis
317 1800 396 1868 copiis
413 1799 577 1869 unusquisque
593 1800 616 1852 ei
635 1799 736 1868 aliquid,
752 1799 867 1853 fraudans
881 1799 907 1851 ie

160 1877 212 1946 ipsc
224 1879 292 1930 villu
303 1879 356 1945 luo,
374 1879 488 1930 eontulit.

195 1960 244 2008 x1.
261 1958 375 2024 Porsena,
386 1959 468 2028 primo
480 1970 571 2011 conatu
580 1959 697 2028 repulsus,
709 1957 813 2008 confiliis
821 1957 852 2009 ab
861 1972 906 2026 op·

80 2082 82 2087 .
159 2037 293 2109 pugnanda
304 2039 365 2089 urbe
376 2038 407 2088 ad
419 2038 575 2089 obsrdendam
587 2038 668 2101 verfis,
685 2035 794 2103 prasidio
805 2037 830 2088 in
839 2036 907 2101 Jani-

160 2114 219 2166 culo
235 2116 326 2178 locato,
345 2114 436 2182 ipsein
453 2116 527 2182 plano
539 2114 650 2181 'ripisque
666 2111 765 2164 'liberis
776 2111 850 2188 rfllra
860 2126 907 2177 po-

160 2189 227 2250 luit;
244 2190 466 2254 navibusundique
476 2191 569 2251 accitis,
581 2189 606 2236 Sc
617 2187 648 2236 ad
656 2184 796 2261 cullodiapn,
808 2183 908 2250 nequid

161 2266 271 2317 Romam
281 2266 398 2315 frumenti
415 2265 518 2314 subvehi
529 2263 623 2325 linerer»,
641 2262 666 2310 ἃ
674 2270 707 2319 ut¹
715 2259 848 2325 praedatum
859 2260 908 2310 ml·

163 2341 218 2392 lites
229 2351 295 2390 trans
311 2342 402 2390 flumen
413 2356 458 2406 per
473 2337 611 2389 occasiones
627 2336 680 2386 aliis
697 2345 772 2400 atquc
783 2335 836 2385 aliis
847 2336 908 2386 locis

160 2420 301 2484 traiiceret:
319 2417 438 2482 brevique
452 2415 514 2467 adeo
530 2413 643 2466 infestum
653 2428 753 2464 omnem
765 2411 907 2469 Romanum

159 2512 249 2564 agrum
265 2493 380 2559 reddidit,
385 2505 425 2555 ¹,ut
435 2509 487 2544 non
498 2503 578 2543 cetera
589 2493 668 2543 solum
679 2505 711 2541 ex
722 2489 796 2556 agris,
812 2489 854 2541 scd
865 2505 908 2557 pe·
971 2521 978 2530 -

163 2587 207 2626 eur
218 2587 317 2639 quoque
326 2585 400 2622 omne
411 2570 437 2620 in
444 2569 533 2620 urbem
546 2568 740 2636 compelleretur,
756 2581 837 2632 neque
845 2566 913 2631 quis-

163 2665 240 2718 quam
248 2660 319 2699 extra
330 2657 413 2714 portas
422 2646 556 2714 propellere
567 2644 676 2695 auderet.
710 2646 765 2693 Hoc
774 2653 871 2713 tantum
880 2643 911 2692 li-

163 2729 250 2778 cenriae
258 2725 372 2786 Etruscis,
379 2739 429 2773 non
437 2733 505 2772 metu
516 2723 602 2786 magis,
610 2725 684 2786 quim
693 2720 801 2783 confilio,
810 2718 909 2770 conces-

161 2805 227 2858 (um.
245 2818 350 2869 namque
361 2802 472 2852 Valerius
482 2799 574 2864 consul,
592 2798 700 2848 intentus
715 2797 740 2845 in
757 2796 909 2847 occasronem

163 2881 256 2932 multos
267 2877 336 2928 sunul
346 2879 371 2928 dt
379 2874 467 2927 effusos
484 2875 621 2942 improviso
631 2871 769 2934 adoriundi,
789 2872 815 2920 in
827 2872 910 2937 parvis

108 2979 124 3007 t
162 2953 237 3009 mour
250 2953 374 3022 negligens
387 2952 464 3021 ultor,
481 2965 584 3020 gravem
594 2949 620 3005 fe
629 2947 665 3002 ad·
675 2945 771 3015 majora
783 2943 909 3073 rindiqqpr
