1964 3660
391 258 559 310 LIBER
592 260 653 310 vn.
834 277 884 323 409

120 358 208 413 rum,
226 361 269 413 qur
280 359 516 411 manumitterentur
534 347 599 398 tulit.
634 351 724 410 Patres,
741 361 798 412 quia
807 348 835 396 ea
850 348 886 396 le

113 402 128 475 i
145 442 177 490 ge
187 425 252 474 haud
264 440 370 492 parvum
387 425 515 488 vetligal
508 426 578 490 inopi
594 425 681 474 ae'rario
697 424 808 475 additum
819 423 886 489 effet,

109 478 255 552 castores
275 503 381 551 suerunt.
418 505 534 551 Ceterum
554 503 646 551 tribuni
664 501 748 567 plebis,
765 516 815 552 non
835 488 900 552 tam'

104 592 107 598 ·
146 576 209 641 lege,
226 583 300 642 quarn
318 579 442 643 exemplo,
460 579 531 638 moti,
548 592 580 626 ne
600 578 654 641 quis
671 577 752 642 postea
766 578 887 644 populum

145 653 282 718 sevocaret,
299 657 378 721 capite
395 654 536 704 sanxerunt.
554 654 615 701 nihil
627 654 692 701 enim
703 669 753 703 non
769 669 812 720 per
823 654 889 703 mili-

146 740 190 791 tes,
206 731 301 793 juratos
320 733 346 781 in
365 730 471 780 consulis
491 729 576 792 verba,
594 729 706 794 quamvis
724 728 889 795 perniciosum

145 809 249 874 populo,
266 809 317 858 srid
328 810 419 870 liceret,
436 807 493 856 serri
506 805 580 872 posse.
615 805 709 854 Eodem
720 820 786 856 anno
802 810 831 856 C.
844 806 888 854 Li·

146 885 224 934 cinius
233 885 324 935 stoloe
335 888 373 934 M.
384 885 489 950 Popillio
499 887 597 932 Laenate
609 881 713 944 sublege
722 882 806 931 decem
814 884 890 932 milli-

146 961 192 1010 bus
202 964 254 1011 aeris
271 963 304 1011 est
321 960 457 1024 damnatus,
473 961 538 1025 quod
550 959 616 1008 mille
630 958 745 1022 jugerum
761 959 815 1022 agri
831 974 888 1009 curn

145 1038 198 1087 lilio
216 1039 354 1104 possideret,
372 1036 598 1104 emancipandoque
615 1035 695 1086 silium
712 1034 822 1085 fraudem
839 1035 889 1101 legi

147 1113 249 1164 fecisset.

181 1193 270 1242 XVII,
286 1191 356 1241 Novi
375 1190 486 1242 eonsules
505 1188 571 1253 inde,
589 1192 627 1239 M.
648 1182 738 1239 Fabius
758 1188 890 1240 Ambustus

145 1265 280 1316 secundum
293 1268 317 1318 δι
329 1271 367 1316 Μ.
380 1269 497 1335 Popillius
508 1269 594 1317 Laenas
605 1268 747 1333 secundum,
765 1266 815 1317 duo
825 1268 890 1317 bella

147 1345 264 1393 habuere.
278 1346 358 1394 Facile
369 1346 471 1396 alterurn
482 1361 540 1395 curn
553 1345 708 1408 Tiburtibus,
726 1346 792 1411 quod
804 1349 891 1396 Laenas

146 1421 232 1486 gesslt:
251 1424 301 1487 qui,
319 1423 386 1472 hosle'
397 1425 423 1474 in
434 1425 521 1474 urbem
533 1422 669 1489 compulso,
687 1439 759 1487 agros
772 1424 891 1475 vastavit.

146 1498 234 1549 Falisci
246 1501 482 1567 Tarquiniensesque
499 1501 603 1550 alterurn
614 1500 738 1559 consulem
753 1501 833 1567 prima
844 1517 892 1568 pu·

146 1575 194 1637 gna
211 1574 336 1624 fuderunt.
354 1576 412 1626 inde
429 1587 508 1626 terror
524 1579 647 1625 maximus
662 1577 718 1636 suit,
735 1576 800 1640 quod
812 1575 891 1626 sacer-

145 1651 215 1701 dotes
226 1667 321 1715 eorum,
338 1654 433 1703 facibus
444 1652 586 1702 ardentibus
597 1652 766 1716 anguibusque
778 1654 891 1718 praelatis,

146 1725 236 1776 incessu
254 1727 336 1776 furiali
347 1729 452 1777 militem
463 1730 603 1775 Romanum
620 1726 714 1774 insueta
728 1727 890 1777 turbaverunt

145 1803 225 1870 specie
236 1821 241 1850 :
261 1804 286 1852 8<
297 1813 355 1853 tunc
367 1803 466 1867 quidem
476 1804 546 1853 velut
556 1799 679 1866 lymphati
689 1802 716 1851 ea
723 1803 823 1852 attoniti
834 1819 890 1852 rnu-

145 1880 261 1936 nimentis
273 1879 320 1928 suis
337 1879 432 1946 trepido
449 1879 548 1941 agmine
562 1876 716 1938 inciderunt-3
733 1878 829 1943 deinde,
846 1879 891 1928 ubi

144 1956 229 2007 consul
248 1958 371 2021 legatique
389 1973 418 2005 ae
435 1955 529 2004 tribuni
548 1969 681 2021 puerorum
698 1956 748 2004 ritu
766 1959 890 2009 venami-

145 2035 226 2083 racula
239 2044 356 2099 paventes
368 2033 502 2083 irridebant
520 2031 732 2096 increpabantque,
750 2035 825 2083 vertit
836 2036 891 2084 ani·

145 2124 199 2160 mos
208 2113 306 2175 repente
317 2109 413 2177 pudor;
430 2109 455 2159 δι
464 2111 489 2158 in
502 2105 599 2174 eaipla,
617 2123 671 2174 qua
681 2106 803 2172 fugerant,
820 2110 891 2161 velut

145 2188 203 2237 caeci
213 2187 325 2236 ruebant.
359 2185 472 2236 Discullo
479 2186 562 2250 itaque
572 2200 639 2234 vano
647 2196 765 2252 apparatu
774 2187 890 2253 hostiurn,

145 2278 222 2329 quum
233 2264 258 2314 in
269 2263 333 2329 ipsos
342 2274 450 2313 armatos
462 2262 486 2312 se
497 2261 638 2325 intulissent,
658 2275 801 2314 averterunt
809 2275 890 2316 totam

143 2342 240 2393 aciem:
258 2341 387 2406 castrisque
404 2342 479 2390 etiam
496 2356 526 2391 eo
538 2339 578 2389 die
597 2340 679 2407 potiti,
697 2340 777 2407 prada
793 2343 890 2407 ingenti

144 2419 223 2487 parta,
239 2417 517 2480 vieoresoeverterunt,
532 2417 678 2477 militaribus
686 2417 750 2480 jocis
762 2434 838 2484 quum
847 2436 890 2488 ap·

144 2504 257 2562 paratum
279 2494 393 2556 hoslium,
418 2504 472 2543 turn
495 2493 565 2541 suum
583 2494 735 2559 increpantes
757 2509 888 2559 pavorem.

146 2571 292 2620 Concitatur
305 2570 392 2620 deinde
411 2584 485 2620 omne
504 2583 596 2618 nomen
614 2569 752 2632 Etruscum,
770 2572 803 2633 dr,
822 2574 888 2621 Tar·

143 2644 308 2712 quinieusrbus
326 2643 472 2709 Faliscisque
489 2643 600 2705 ducibus,
617 2641 648 2693 ad
666 2645 756 2692 Salinas
773 2647 889 2710 perveni·

142 2733 198 2773 unt.
233 2721 357 2771 Adversus
368 2736 425 2771 eum
435 2731 554 2771 terrorem
564 2721 667 2771 dislator
679 2726 708 2771 C.
720 2724 830 2773 Marcius
839 2726 890 2775 Ru·

143 2799 201 2848 tilus
212 2798 304 2864 primns
321 2797 351 2845 de
363 2797 433 2863 plebe
444 2797 529 2860 ditius,
547 2798 688 2862 magistrum
699 2800 810 2864 equiturn
826 2798 888 2853 item

96 2916 97 2922 ,
138 2875 176 2928 ‚de
187 2874 257 2941 plebe
276 2877 305 2922 C.
324 2874 446 2924 Plautium
463 2873 536 2924 dixit.
571 2874 601 2925 Id
618 2881 679 2927 vero
693 2878 805 2927 Patribus
821 2878 886 2929 indi-

144 2965 222 3015 gnum
231 2947 318 3012 videri,
331 2950 406 2999 etiam
417 2949 580 3011 dislaturam
570 2966 622 3014 jam
633 2953 659 3003 in
668 2952 808 3020 promiscuo
823 2953 889 3009 esse·

142 3028 262 3123 omnique
271 3041 320 3098 ope
330 3026 530 3156 isnpediebarrt,S
521 3042 554 3079 ne
564 3029 625 3099 quid
632 3029 784 3087 dilatoriad
794 3031 820 3084 id
833 3032 886 3081 bel-

832 3106 886 3164 tun
