1964 3660
170 183 186 228 8
439 182 664 230 T.LIVII

167 265 231 314 lium
250 279 369 333 procreat.
404 270 538 333 Numitori,
556 271 599 333 qui
616 270 693 334 stirpis
711 269 834 318 maximus
851 281 909 335 erat,

165 357 272 404 regnum
288 345 408 394 vetustum
422 346 502 394 Silvia
513 347 590 408 gentis
601 347 674 408 legat.
710 347 765 395 Plus
782 358 862 396 tumen
873 349 912 397 vis

168 422 259 486 potuit,
276 428 350 487 quim
370 423 483 473 voluntas
503 425 585 489 patris,
602 434 645 473 aut
662 424 809 473 verecundia
825 427 911 474 aetatis.

167 492 241 551 Pulso
252 499 333 563 sratre,
346 501 458 550 Amulius
469 511 563 566 regnat.
581 500 649 550 addit
659 499 741 550 sceleri
752 499 836 552 scelus.
860 503 911 552 siit-

167 587 226 640 pem
237 573 317 624 fratris
328 577 425 626 virilem
436 577 568 626 interimit:
585 576 665 626 fratris
677 576 732 624 filiae
741 578 815 627 Rheae
824 578 913 647 Silvia,

166 665 213 718 per
223 649 329 718 speciem
337 654 449 717 honoris,
460 668 537 720 quum
548 653 669 704 Vestalem
680 667 734 702 eam
744 653 844 720 legisset,
855 671 911 723 per·

165 728 241 795 petual
253 730 393 793 virginitate
405 729 472 797 spem
486 733 569 798 partus
580 730 675 781 adimit.

169 827 172 833 ·
200 808 248 854 1v.
266 807 311 856 Sed
322 806 464 872 debebatur,
480 819 509 857 ut
519 809 616 876 opinor,
633 807 690 858 satis
700 815 772 857 tantae
784 808 854 872 origo
868 823 911 858 ur.

165 879 213 943 bis,
230 883 382 949 maximique
400 881 532 935 secundum
544 888 655 934 Deorum
666 897 724 950 opes
735 882 832 950 imperii
842 885 910 951 prin.

11 956 270 1034 '„„a,‚„„„„cipium.
300 961 334 1009 Vi
351 960 484 1028 qompreffa
494 961 604 1025 Vestalis,
620 975 697 1026 quum
714 959 838 1023 geminum
854 975 913 1028 par-

166 1043 221 1087 tum
233 1038 348 1099 edidisset,
367 1039 407 1089 seu
418 1041 453 1088 ita
463 1051 524 1103 rata,
540 1039 582 1088 seu
593 1039 651 1103 quia
662 1042 729 1086 Deus
741 1028 824 1086 rusios
833 1037 911 1106 culpae

165 1112 290 1167 honestior
300 1127 359 1178 erat,
367 1120 473 1165 Martem
481 1117 578 1164 incettae
586 1116 664 1180 stirpis
672 1125 766 1180 patrem
775 1127 910 1180 nuncupat.

164 1189 212 1239 sed
221 1206 265 1239 nec
273 1192 323 1252 Dii,
331 1206 376 1240 nec
386 1190 507 1254 homines,
515 1202 558 1239 aut
569 1189 655 1256 ipsam,
667 1200 709 1237 aut
719 1189 817 1254 stirpem
829 1194 843 1238 a
855 1206 910 1238 cru÷

164 1266 264 1327 delitare
274 1269 342 1331 regia
352 1265 487 1316 vindicant.
513 1265 624 1317 sacerdos
635 1264 717 1314 vinsia
734 1267 760 1313 in
775 1265 909 1317 custodiam

163 1343 250 1407 datm:
262 1359 351 1411 pueros
361 1346 388 1394 in
396 1345 558 1411 profluentem
566 1359 656 1408 aquarn
664 1341 816 1406 mittijubet.
834 1345 909 1395 Forte

164 1422 271 1487 quadam
278 1412 395 1472 divinitus
404 1421 475 1488 super
483 1423 546 1487 ripas
556 1421 655 1470 Tiberis
664 1419 753 1469 effusus
761 1420 855 1470 lenibus
863 1422 908 1472 sta·

164 1501 227 1564 gnis,
244 1515 289 1549 nec
300 1499 361 1550 adiri
371 1498 474 1563 usquam
485 1498 516 1548 ad
527 1498 584 1562 justi
595 1496 692 1546 cursum
705 1505 802 1564 poterat
813 1498 908 1551 amuis:

165 1578 199 1640 ἃ,
215 1576 282 1644 posse
299 1580 412 1644 quamvis
422 1576 537 1642 languidi
546 1581 624 1641 mergi
635 1576 699 1642 aqui
709 1575 821 1639 infantes,
841 1575 908 1644 spem

162 1655 296 1715 serentibus
312 1656 394 1706 dabat.
419 1657 453 1706 ita
467 1657 536 1706 reiut
549 1654 657 1705 defunffl
670 1656 734 1718 regis
750 1655 864 1722 imperio,
881 1656 909 1705 in

161 1735 278 1802 proxima
286 1736 384 1800 alluvie,
395 1735 438 1784 ubi
447 1751 512 1784 nunc
520 1733 581 1783 ficus
589 1734 725 1783 Ruminalis
737 1734 770 1782 esi
777 1734 908 1797 (Romula-

159 1825 215 1867 rem
227 1825 343 1864 vocatam
356 1812 446 1878 serum)
461 1828 549 1879 pueros
564 1823 701 1880 exponunt.
728 1814 806 1863 Vasta
817 1824 870 1863 tum
880 1814 909 1865 iu

97 1848 147 2012 ,l
162 1888 193 1943 iis
207 1891 268 1943 loeis
279 1891 419 1945 solitudines
431 1872 627 1942 eranthenet
637 1891 711 1956 sama,
723 1907 799 1958 quum
810 1894 907 1944 fluitan-

160 1981 214 2024 tem
228 1972 336 2032 alveum,
354 1985 404 2034 quo
418 1969 525 2035 expositi
540 1980 610 2020 erant
621 1971 698 2036 pueri,
718 1970 796 2030 tenuis
807 1968 908 2023 insieco

161 2060 228 2112 aqua
238 2047 385 2110 destituisset,
394 2048 478 2112 lupam
492 2047 612 2097 sitientem
622 2062 655 2096 err
666 2047 798 2108 montibus,
809 2047 852 2109 qui
862 2046 909 2094 cir·

126 2126 130 2133 ⁴
159 2128 192 2173 ci
208 2123 272 2186 stunt,
288 2124 320 2174 ad
340 2124 458 2188 puerilem
477 2125 590 2184 vagitum
606 2121 703 2171 cursum
719 2120 828 2169 flexisse:
851 2135 906 2171 eam

160 2197 294 2249 sununiffas
303 2199 436 2249 infantibus
447 2197 509 2246 adeo
516 2199 602 2250 mitem
611 2195 735 2262 praebuisse
743 2211 870 2259 mammas,
878 2208 907 2248 ut

160 2275 246 2338 lingui
255 2276 405 2325 lambentem
422 2289 510 2340 pueros
529 2272 646 2335 magister·
655 2273 716 2339 regii
727 2273 821 2338 pecoris
835 2272 906 2322 inve.

160 2353 234 2403 uerit.
263 2352 377 2403 Faustulo
387 2351 456 2409 fuisse
466 2364 558 2402 nornen
569 2350 659 2400 serunt.
684 2350 724 2399 Ab
732 2366 763 2400 eo
771 2350 803 2400 ad
813 2351 906 2404 stabula

159 2431 284 2480 larentia
303 2431 379 2480 uxori
391 2427 529 2479 educandos
548 2428 620 2477 latos.
663 2431 731 2490 Sunt,
751 2429 794 2493 qui
813 2431 906 2482 Laren.

160 2507 335 2572 tiarn,vulgato
344 2505 541 2572 corpore,lupam
549 2506 612 2554 inter
621 2505 725 2571 pallores
733 2517 848 2556 vocatam
861 2524 906 2573 pu·

159 2593 230 2635 torst:
249 2585 304 2635 iude
312 2584 396 2633 locum
403 2582 491 2633 sabulae
499 2599 527 2632 ac
536 2582 655 2631 miraculo
663 2581 756 2632 datum.
775 2586 813 2633 Ita
821 2585 908 2651 geniti,

161 2661 246 2728 itique
256 2662 362 2725 educati,
372 2677 449 2727 quum
461 2661 570 2727 primurn
581 2660 691 2710 adolevit
703 2673 766 2727 aeras,
776 2679 820 2713 nee
828 2667 854 2714 iu
862 2665 909 2715 sta.

159 2738 234 2806 bulis,
251 2753 297 2791 nec
307 2740 339 2791 ad
350 2755 440 2807 pecora
453 2737 545 2804 segnes,
561 2740 676 2789 venando
695 2756 823 2807 peragrare
843 2745 908 2795 circa

160 2815 243 2869 saltus.
256 2821 329 2885 Hinc,
341 2819 432 2870 robore
440 2820 584 2886 corporibus
593 2819 728 2884 animisque
737 2822 843 2888 sumpto,
853 2824 908 2886 jam

158 2912 212 2949 aon
222 2899 284 2948 feras
295 2905 392 2952 tantum
401 2900 532 2962 subsistere,
541 2899 583 2948 sed
593 2901 619 2949 in
629 2899 742 2961 latrones,
754 2900 834 2963 praedi
845 2917 908 2950 onu-

158 2975 214 3043 sioe,
231 2977 336 3045 impetus
345 2977 434 3046 tacere,
451 2974 633 3046 pastoribusque
648 2985 719 3041 rapta
734 2975 863 3028 dividere:
881 2978 909 3027 ἀ

510 3102 513 3107 ,
849 3070 907 3106 erun
928 3088 935 3094 -
