1964 3660
175 234 224 291 386
441 231 478 282 Τ.
513 231 567 281 L'I
577 232 610 281 ‘V
627 229 670 283 1⁴1

169 319 235 387 plebi,
253 328 352 386 tanquam
363 317 429 368 aliam
438 320 534 368 incolenti
545 319 626 383 mem,
642 318 736 386 dverfia
745 319 791 387 quis
799 322 873 386 putes)
887 322 920 372 ni-

172 395 204 446 bit
213 413 257 461 nos,
276 413 340 463 eaeque
348 398 458 462 privalos,
475 413 539 463 neque
550 398 573 446 iu
589 397 759 463 magistratibus,
773 399 827 465 quael
838 401 922 448 incam-

171 475 255 524 modum
264 473 321 540 plebi
332 473 387 541 effet,
398 475 489 540 scientes
495 475 589 540 fecffl:
607 491 643 523 nec
654 475 812 541 ullumfalium
827 475 923 537 dilium-

170 567 201 600 ve
211 551 304 614 nastrcsm
316 561 389 600 contra
400 552 517 600 utilitatem
530 552 626 615 vesicam
637 553 690 618 ¹(etfi
695 555 790 619 'quadam
797 562 872 603 contra
880 571 923 604 va·

164 627 271 696 'luntatem
277 630 373 693 fuerint)
390 633 443 678 veri
453 629 534 692 referri
543 630 607 696 peffc.
642 632 683 680 An
692 632 737 694 boc,
749 630 771 695 fi
782 630 873 680 Claudia
878 631 923 696 fa—

164 705 231 755 ·milie
241 723 281 755 non
287 707 338 771 fim,
355 722 392 756 nec
403 722 429 756 tx
436 707 529 772 patricio
534 709 638 773 sunguine
649 710 716 770 orius,
728 707 769 772 sed
779 725 831 758 uicus
841 705 923 778 Qir'i·

170 784 225 832 ticam
236 784 329 850 quilibet,
347 785 381 850 qui
393 785 453 833 moli
467 800 502 832 me
512 785 587 834 duobus
596 782 691 851 ingenuis
707 794 785 849 artum,
798 786 831 836 -iu
840 789 929 845 viscere¹

167 862 192 911 in
203 860 268 911 libera
284 863 374 910 civitate
383 863 462 927 sciam,
480 863 569 910 reticere
577 863 674 927 paffim?
709 865 738 913 L.
751 862 810 911 illum
822 864 924 914 Sextium

169 941 198 991 ia
211 942 236 989 G.
250 941 365 1004 Liciniam,
380 948 494 1006 perpetuas
511 939 543 1004 (fi
557 941 610 989 Diis
619 940 699 1006 placat)
715 938 817 1004 tribunos,
834 950 923 991 tantum

168 1017 344 1069 licentiosavem
360 1019 429 1080 annis,
446 1016 627 1084 quibus-regnant,
638 1015 755 1084 sumpfiffe,
771 1027 795 1067 ut
806 1017 868 1067 vobis
879 1034 921 1067 ae-

163 1105 220 1162 gtnt
227 1096 354 1162 potestatem
365 1096 453 1145 liberam
458 1095 567 1163 suffragii,
581 1111 623 1144 nan
634 1095 766 1157 lacunatis,
783 1111 823 1143 non
832 1096 855 1144 in
863 1094 920 1162 legi·

168 1170 205 1219 bus
218 1171 326 1235 jubendis,
346 1174 372 1236 se
388 1170 524 1237 permiffiuros
541 1171 602 1238 effe?
619 1166 621 1170 ⁴
636 1168 677 1218 Sub
694 1169 815 1233 conditione,
836 1166 921 1237 inquit,

167 1262 204 1297 nos
215 1249 314 1311 rqbcietis
324 1247 428 1296 decimum
439 1245 540 1297 tribunos.
575 1244 683 1315 Quid-est
698 1244 757 1294 aliud
770 1246 848 1310 dicere,
865 1243 924 1313 quai

166 1334 243 1390 patiant
253 1326 300 1389 alii,
318 1341 354 1374 nos
364 1325 414 1374 adeo
426 1325 560 1389 fastidimus,
576 1334 600 1375 ut
611 1323 659 1389 fise
675 1322 770 1373 mercede
780 1339 860 1392 magna
876 1341 921 1374 non

167 1403 304 1469 accipiamus.
339 1403 529 1470 Sedquetanalem
538 1401 715 1468 manuacense,
733 1403 774 1473 quei
782 1418 822 1451 vos
827 1395 921 1470 simper
957 1405 965 1410 '

166 1481 335 1547 tribunusplebis
345 1480 478 1530 babeamus?
492 1490 518 1531 ut
531 1482 661 1549 rogationes,
677 1479 752 1547 inquit,
769 1479 859 1545 nojbas,
876 1484 921 1547 seu

162 1559 257 1625 placent,
265 1561 304 1623 sau
312 1559 429 1625 displicent,
440 1561 480 1624 sau
490 1559 559 1625 utiles,
571 1558 701 1625 palantia
708 1560 768 1626 susat,
782 1575 920 1620 omnescon-

160 1637 255 1701 juniiim
263 1637 387 1704 *accipiatis
405 1636 492 1704 Obftcro
504 1654 552 1702 vos,
570 1637 684 1705 Tarquinii
697 1635 777 1688 taibani
784 1635 862 1703 plebis,
872 1651 920 1706 pu-

166 1724 212 1767 tate
223 1732 256 1764 nne
268 1732 293 1767 eu
305 1716 377 1766 melia
387 1718 481 1766 concione
489 1733 553 1766 anum
565 1719 637 1766 ciuem
642 1715 789 1782 succlamare:
807 1718 870 1767 Boni
879 1735 922 1768 ve·

166 1794 203 1843 nii
212 1794 285 1858 vestri
296 1793 392 1844 liceatne
403 1793 435 1843 bis
448 1793 590 1861 rogationibus
600 1795 677 1862 legere,
693 1792 847 1861 quassatione
857 1793 921 1847 nobis
933 1850 938 1855 ,

166 1873 271 1938 censemus
294 1870 347 1937 msa
365 1872 475 1937 antiquare
492 1871 556 1921 alias.
592 1875 655 1935 Non,
673 1870 748 1937 inquit,
764 1867 843 1920 licebit.
882 1876 922 1922 Tu

165 1950 191 1999 de
203 1953 287 2014 foesaore
303 1960 367 2017 atque
377 1951 444 2017 agris,
460 1951 514 2016 quod
524 1950 554 1998 ad
568 1965 609 2000 vos
625 1964 696 1999 amnes
705 1950 808 2015 pertinet,
820 1949 919 2014 jubeas,-

166 2030 193 2080 br
205 2029 241 2079 bac
246 2057 248 2062 ·
250 2031 345 2095 portenti
356 2046 396 2084 non
407 2029 452 2093 fiat
467 2030 489 2078 in
500 2027 549 2077 urbe
562 2030 666 2092 Romana,
682 2027 714 2077 uti
731 2031 760 2077 L.
774 2029 872 2100 Sextium
883 2039 920 2080 at-

164 2122 204 2173 que
215 2105 267 2154 bunc
280 2109 305 2154 C.
318 2107 426 2156 Licinium
438 2105 542 2170 consocies„
553 2105 606 2170 quad
621 2104 746 2172 indignaris,
756 2104 817 2170 quod
831 2104 921 2157 abomi-

165 2184 231 2245 naris,
250 2183 349 2237 videas?
383 2184 432 2233 Aa
443 2183 514 2231 onznia
527 2182 617 2247 accipe:
633 2190 672 2230 aut
687 2180 741 2230 mbll
750 2181 812 2245 fero.
847 2183 884 2233 Ut
895 2182 920 2250 fi

164 2261 211 2324 qais
227 2261 254 2320 ei,
271 2276 332 2325 quem
347 2268 422 2325 urgeat
434 2260 518 2323 fames,
536 2274 640 2319 venenam
656 2267 724 2324 ponat
740 2273 786 2306 cum
803 2255 865 2319 cibo;
889 2262 919 2312 ab·

73 2386 78 2397 ,
164 2333 311 2396 autabllincre
322 2351 353 2397 eo,
370 2335 424 2400 quod
431 2335 500 2384 vitale
503 2334 543 2398 fit,
552 2391 554 2395 y
556 2333 639 2400 jubeat,
654 2343 692 2384 aut
702 2335 839 2398 nurnfnum
850 2338 919 2387 vita·

157 2414 180 2463 li
188 2413 310 2480 admisceat.
346 2415 415 2481 Ergo,
427 2414 449 2479 ss
462 2412 509 2478 essct
523 2414 588 2463 libera
605 2413 644 2462 bac
654 2413 742 2476 civitas,
758 2429 799 2461 nan
809 2414 849 2462 tibi
859 2416 917 2480 fre-

158 2501 249 2560 quentes
254 2491 434 2561 sucflambffimt?
469 2491 515 2542 Abi
526 2493 573 2542 binc
583 2508 630 2541 cam
643 2489 782 2545 tribunatibus
793 2506 818 2540 ac
826 2496 918 2559 'rogati-

157 2572 236 2621 onibus
247 2572 310 2620 tuis?
327 2571 397 2637 quial?
409 2570 431 2636 fi
441 2581 466 2620 tu
476 2588 516 2620 acon
528 2569 610 2633 teletis,
628 2570 682 2636 quoi
691 2569 821 2619 commodum
832 2570 864 2633 est
872 2581 915 2638 pa·

163 2650 212 2717 ppulo
225 2642 326 2714 accipere,
344 2665 403 2697 nemo
414 2651 470 2712 erit,
486 2650 522 2714 qui
527 2649 592 2713 ferat
602 2646 654 2697 illml
661 2649 676 2696 ‚⁹
710 2649 735 2700 Si
744 2648 788 2714 quis
795 2649 914 2715 pusiones,

157 2725 237 2792 fiqnis
254 2727 315 2792 (quod
324 2726 356 2775 illi
367 2725 441 2774 volunt
449 2725 571 2791 invidiafius
580 2723 626 2791 effi)
645 2724 743 2774 Claudius
757 2725 844 2789 diceret,
862 2728 916 2778 Aut

164 2806 235 2855 amatia
246 2805 395 2870 accipite‚·aut
411 2802 465 2854 nibil
474 2803 527 2869 sera
536 2822 543 2863 ;
559 2804 605 2869 qnis
616 2802 721 2869 nebeim,
739 2804 846 2869 Quirites,
859 2803 914 2868 fem·

165 2885 221 2932 ret?
257 2887 402 2949 Nunquamne
412 2897 452 2932 vos
468 2898 502 2931 scs
510 2883 592 2948 petiis,
610 2889 674 2947 quam
690 2880 793 2944 eatbam,
804 2881 914 2949 spoliabi-

160 2959 217 3009 tis?
228 2959 268 3021 sed
281 2960 352 3008 amnia
362 2961 457 3025 semper,
473 2974 515 3026 que
533 2956 670 3024 magistratus
686 2957 723 3006 ille
740 2957 803 3021 dicet,
815 2957 916 3023 secundis

159 3034 257 3103 aniius,
266 3036 447 3105 qaeabmjleim
456 3053 495 3107 qua
502 3035 605 3104 beentur,
621 3032 717 3116 adonis
726 3033 859 3117 qccipieta's?
875 3033 929 3107 ³4²..
