1964 3660
184 228 217 272 30
442 219 476 266 T.
512 221 668 270 LIVII

179 302 216 349 lus
228 315 380 365 nequaquam
392 318 443 369 par,
461 305 492 353 fic
504 306 620 357 adversus
638 308 743 378 fingulos
757 309 837 362 ferox.
856 329 925 378 ergo,

179 388 208 424 ut
220 377 354 440 segregaret
366 395 474 445 pugnam
486 397 580 448 eorum,
598 385 694 450 capeffit
705 387 798 452 fugam,
816 392 850 439 ita
860 402 927 442 tatus

179 451 311 518 secuturos,
336 466 365 502 ut
384 471 505 522 quemque
523 459 623 507 vulnere
634 459 747 509 affeslum
765 479 853 530 eorpus
865 465 925 513 fine·

178 540 225 580 ret.
260 533 315 594 Jam
327 531 480 598 aliquantum
490 534 561 601 spatii
572 550 604 584 ex
615 551 645 585 eo
656 535 721 600 loco,
732 537 776 586 ubi
788 550 925 605 pugnatum

179 607 221 671 esi,
233 607 367 671 aufugerat,
386 625 461 674 quum
473 611 601 677 respiciens
609 612 679 660 videt
688 615 782 677 magnis
791 616 925 664 intervallis

178 684 319 747 sequentes:
336 701 413 734 unum
424 687 489 737 haud
506 690 591 754 procul
606 689 637 737 ab
649 689 697 738 fefe
708 689 795 739 abesse.
821 692 846 739 in
866 706 924 740 eum

178 776 272 824 magno
282 760 376 829 impetu
388 764 468 812 rediit.
476 792 478 796 >
486 767 526 826 Et,
533 764 590 814 dum
602 766 708 813 Albanus
720 767 923 816 exercitusincla'-

177 849 230 886 mat
243 840 365 902 Curiatiis,
376 841 413 887 uti
422 855 496 906 opem
507 839 585 889 serant
595 840 671 903 fratri,
682 840 733 902 jam
745 841 869 903 Horatius,
877 857 923 890 eae-

179 915 207 965 so
217 917 283 967 hoste
292 918 378 981 vidior,
388 918 517 968 fecundam
528 934 636 985 pugnam
644 907 751 985 petebat.
770 927 823 967 tum
832 919 924 967 clamo-

179 1008 215 1058 re,
227 996 304 1060 qualis
319 1011 352 1045 ex
364 996 636 1061 insperato‘saventium
654 997 723 1059 folet',
735 997 841 1046 Romani
852 996 921 1059 adju-

179 1079 243 1117 vant
263 1069 367 1118 militem
384 1069 470 1117 suum:
489 1070 513 1118 81
535 1071 575 1118 ille
596 1069 697 1132 defungi
713 1069 799 1135 proelio
818 1069 923 1120 festinat.

178 1145 251 1194 Prius
261 1146 352 1208 itaque,
362 1151 435 1208 quam
449 1145 517 1206 alter,
527 1146 569 1207 qui
581 1161 625 1193 nec
634 1147 720 1210 procul
731 1145 821 1207 aberat,
839 1144 923 1195 conse-

179 1220 223 1282 qui
243 1217 327 1282 pofset,
347 1219 371 1266 8<
385 1218 488 1266 alterum
506 1218 642 1265 Curiatium
662 1218 770 1266 conficit.
809 1221 923 1283 Jamque,

178 1304 277 1358 aequato
289 1293 379 1357 Marte,
391 1292 476 1356 singuli
487 1292 626 1359 supererant
633 1312 640 1354 ;
657 1292 698 1343 sed
714 1309 759 1343 nec
771 1293 819 1359 spe,
832 1311 876 1343 nec
888 1297 925 1344 vi·

179 1372 247 1421 ribus
264 1386 341 1436 pares.
373 1371 484 1433 alterum,
501 1369 617 1419 intattum
629 1370 695 1419 ferro
709 1386 797 1437 corpus
810 1372 834 1419 δε
845 1372 923 1434 gemi-

178 1458 236 1497 nata
247 1445 359 1510 visloria,
371 1444 478 1495 ferocem
490 1445 516 1493 in
526 1456 648 1494 certamen
660 1445 759 1494 tertium
770 1444 876 1494 dabant:
888 1445 924 1493 al-

179 1534 225 1586 ter,
232 1521 317 1572 sessum
326 1523 435 1584 vulnere,
445 1521 529 1571 fessum
541 1521 612 1572 cursu
623 1523 719 1571 trahens
729 1536 825 1587 corpus,
834 1520 924 1572 visios-

179 1617 228 1666 que
239 1600 341 1650 fratrum
352 1611 409 1650 ante
422 1599 446 1648 se
457 1601 541 1663 strage,
558 1599 647 1648 vidori
659 1599 775 1662 objicitur
785 1598 855 1646 hosii.
879 1613 925 1648 nec

179 1679 240 1730 illud
250 1679 360 1744 proelium
372 1679 427 1741 fuit.
462 1680 587 1726 Romanus
599 1675 729 1738 exsultans,
747 1677 817 1738 Duos,
835 1676 924 1740 inquit,

174 1759 277 1823 fratrum
289 1756 396 1804 Manibus
407 1755 472 1803 dedi:
491 1755 578 1804 tertium
595 1754 658 1819 causa
676 1751 722 1800 belli
741 1751 831 1817 hujusce,
848 1755 924 1802 uilio·

178 1849 255 1883 mnnns
267 1831 350 1882 Allan
369 1835 468 1899 imperet,
483 1830 542 1881 dabo,
577 1832 643 1881 Male
662 1830 784 1880 sustinenti
795 1845 862 1878 arma
874 1831 925 1893 gla-

177 1908 249 1962 dium
260 1909 361 1976 superne
369 1909 456 1975 jugulo
468 1909 553 1974 defigit
562 1927 569 1958 r
579 1910 702 1973 jacentem
712 1908 808 1975 spoliat.
832 1911 924 1957 Roma-

179 1990 207 2038 ni
223 1998 326 2037 ovantes
337 2003 365 2037 ac
377 1988 523 2053 gratulantes
535 1989 666 2038 Horatium
676 1986 815 2054 accipiunt:
834 2001 864 2035 eo
873 2001 925 2034 ma·

177 2065 233 2132 jore
242 2081 299 2115 cum
310 2066 409 2130 gaudio,
427 2082 477 2132 quo
488 2081 565 2133 prope
576 2078 669 2114 metum
680 2079 717 2113 res
728 2064 815 2114 fuerat.
839 2062 879 2111 Ad
890 2060 926 2110 se·

179 2144 304 2212 pulturam
321 2143 378 2192 inde
390 2145 489 2193 suorum
499 2157 652 2206 nequaquam
664 2142 762 2207 paribus
775 2140 862 2189 animis
872 2155 926 2190 vet·

179 2230 280 2277 tuntur;
299 2220 390 2284 quippe
398 2219 503 2284 imperio
514 2219 583 2266 alteri
599 2216 670 2277 ausli,
680 2216 749 2264 alteri
757 2215 856 2265 ditionis
866 2215 924 2263 alie-

180 2311 218 2347 nae
227 2295 292 2345 sosii.
327 2295 456 2360 Sepulchra
467 2294 569 2355 exstant,
587 2307 637 2356 quo
648 2291 749 2355 quisque
760 2291 816 2340 loco
828 2290 925 2343 cecidit.

181 2373 232 2424 duo
241 2375 353 2421 Romana
364 2386 416 2419 uno
425 2371 482 2419 loco
492 2370 593 2435 propius
600 2367 697 2429 Albam,
709 2367 755 2415 tria
765 2367 861 2415 Albana
872 2370 924 2416 Ro-

181 2464 248 2500 mam
259 2447 342 2497 verfus
352 2468 358 2509 ;
376 2447 416 2496 sed
427 2447 537 2496 distantia
546 2446 613 2507 locis,
631 2445 656 2493 ἃ
667 2454 696 2492 ut
706 2454 842 2509 pugnatum
854 2443 896 2491 est.

213 2528 317 2576 XXVI.
336 2522 478 2590 Priusquam
488 2522 545 2571 inde
555 2521 743 2585 digrederentur,
753 2521 850 2583 roganti
859 2524 925 2568 Met-

180 2617 216 2668 to,
233 2619 265 2654 ex
277 2601 366 2652 foedere
378 2601 426 2651 islo
437 2600 496 2665 quid
507 2601 645 2666 imperaret,
663 2599 768 2662 imperat
780 2595 876 2659 Tullus,
888 2600 925 2648 uti

178 2684 336 2748 juventutem
352 2681 378 2728 in
392 2680 464 2728 armis
476 2678 577 2726 habeat:
596 2676 696 2725 usurum
708 2675 731 2724 se
742 2687 828 2725 eorum
843 2676 925 2740 operi,

180 2762 299 2811 fibellum
314 2773 371 2809 cum
382 2757 528 2821 Vejentibus
541 2755 615 2804 foret.
633 2755 668 2802 ita
679 2755 800 2802 exercitus
812 2751 867 2800 inde
884 2751 928 2800 do-

180 2853 235 2886 mos
246 2835 352 2886 abduttt.
386 2835 499 2900 Princeps
510 2832 625 2881 Horatius
637 2831 696 2892 ibat,
709 2828 838 2892 trigemina
850 2826 928 2892 spolia

180 2927 230 2978 pra
242 2911 265 2960 se
283 2927 380 2975 gerens:
399 2913 438 2961 cui
450 2911 518 2960 soror
529 2911 610 2971 virgo,
628 2923 681 2971 quae
700 2904 817 2970 desponsa
833 2904 876 2950 uni
894 2907 928 2951 e'x

180 2990 294 3041 Curiatiis
303 2992 390 3057 fuerat,
399 2990 476 3042 obvia
486 2997 542 3039 ante
553 2997 651 3055 portam
659 2986 783 3049 Capenam
791 2979 853 3064 fuit:
865 2991 925 3038 cog-

215 3080 218 3087 *
824 3062 927 3117 tutoque
