<?xml version="1.0" encoding="UTF-8"?>
<!DOCTYPE html PUBLIC "-//W3C//DTD XHTML 1.0 Transitional//EN"
    "http://www.w3.org/TR/xhtml1/DTD/xhtml1-transitional.dtd">
<html xmlns="http://www.w3.org/1999/xhtml" xml:lang="en" lang="en">
 <head>
  <title>
</title>
<meta http-equiv="Content-Type" content="text/html;charset=utf-8" />
  <meta name='ocr-system' content='tesseract 3.04.00' />
  <meta name='ocr-capabilities' content='ocr_page ocr_carea ocr_par ocr_line ocrx_word'/>
</head>
<body>
  <div class='ocr_page' id='page_1' title='image "./titiliviipatavi00livygoog_0227.png"; bbox 0 0 1964 3660; ppageno 0'>
   <div class='ocr_carea' id='block_1_1' title="bbox 166 219 666 275">
    <p class='ocr_par' dir='ltr' id='par_1_1' title="bbox 166 219 666 275">
     <span class='ocr_line' id='line_1_1' title="bbox 166 219 666 275; baseline -0.01 -1"><span class='ocrx_word' id='word_1_1' title='bbox 166 224 214 275; x_wconf 75' lang='lat'><em>216</em></span> <span class='ocrx_word' id='word_1_2' title='bbox 424 221 461 270; x_wconf 86' lang='grc' dir='ltr'><em>Τ.</em></span> <span class='ocrx_word' id='word_1_3' title='bbox 495 219 666 270; x_wconf 79' lang='lat' dir='ltr'>L1v1&#39;1·</span> 
     </span>
    </p>
   </div>
   <div class='ocr_carea' id='block_1_2' title="bbox 161 303 918 839">
    <p class='ocr_par' dir='ltr' id='par_1_2' title="bbox 161 303 918 839">
     <span class='ocr_line' id='line_1_2' title="bbox 165 303 913 373; baseline -0.003 -15"><span class='ocrx_word' id='word_1_4' title='bbox 165 308 210 358; x_wconf 88' lang='lat' dir='ltr'><em>rati</em></span> <span class='ocrx_word' id='word_1_5' title='bbox 216 307 342 373; x_wconf 68' lang='lat' dir='ltr'><em>seditionum</em></span> <span class='ocrx_word' id='word_1_6' title='bbox 352 304 445 355; x_wconf 78' lang='lat' dir='ltr'><em>oullores</em></span> <span class='ocrx_word' id='word_1_7' title='bbox 461 303 531 369; x_wconf 77' lang='lat' dir='ltr'><em>effert.</em></span> <span class='ocrx_word' id='word_1_8' title='bbox 566 307 628 370; x_wconf 63' lang='lat' dir='ltr'><em>Quos</em></span> <span class='ocrx_word' id='word_1_9' title='bbox 642 304 768 371; x_wconf 77' lang='lat' dir='ltr'><em>quantosque</em></span> <span class='ocrx_word' id='word_1_10' title='bbox 782 319 817 356; x_wconf 90' lang='lat' dir='ltr'><em>res</em></span> <span class='ocrx_word' id='word_1_11' title='bbox 830 305 856 356; x_wconf 79' lang='lat' dir='ltr'><em>C.</em></span> <span class='ocrx_word' id='word_1_12' title='bbox 871 306 913 356; x_wconf 73' lang='lat' dir='ltr'><em>Ca·</em></span> 
     </span>
     <span class='ocr_line' id='line_1_3' title="bbox 167 380 915 452; baseline -0.005 -16"><span class='ocrx_word' id='word_1_13' title='bbox 167 385 259 437; x_wconf 87' lang='lat' dir='ltr'><em>nuleinm</em></span> <span class='ocrx_word' id='word_1_14' title='bbox 270 381 406 452; x_wconf 79' lang='lat' dir='ltr'><em>aggreffiom?</em></span> <span class='ocrx_word' id='word_1_15' title='bbox 423 383 560 432; x_wconf 78' lang='lat' dir='ltr'><em>colluvionem</em></span> <span class='ocrx_word' id='word_1_16' title='bbox 568 384 675 448; x_wconf 87' lang='lat' dir='ltr'><em>gentium,</em></span> <span class='ocrx_word' id='word_1_17' title='bbox 685 380 865 448; x_wconf 71' lang='lat' dir='ltr'><em>perturbationem</em></span> <span class='ocrx_word' id='word_1_18' title='bbox 875 399 915 432; x_wconf 87' lang='lat' dir='ltr'><em>au·</em></span> 
     </span>
     <span class='ocr_line' id='line_1_4' title="bbox 161 459 916 528; baseline -0.003 -18"><span class='ocrx_word' id='word_1_19' title='bbox 161 461 280 528; x_wconf 85' lang='lat' dir='ltr'><em>spiciorum</em></span> <span class='ocrx_word' id='word_1_20' title='bbox 294 461 423 527; x_wconf 86' lang='lat' dir='ltr'><em>publicorum</em></span> <span class='ocrx_word' id='word_1_21' title='bbox 439 461 617 525; x_wconf 85' lang='lat' dir='ltr'><em>privatorumque</em></span> <span class='ocrx_word' id='word_1_22' title='bbox 636 460 722 524; x_wconf 79' lang='lat' dir='ltr'><em>afferre,</em></span> <span class='ocrx_word' id='word_1_23' title='bbox 739 476 764 509; x_wconf 87' lang='lat' dir='ltr'><em>ne</em></span> <span class='ocrx_word' id='word_1_24' title='bbox 774 459 916 526; x_wconf 82' lang='lat' dir='ltr'><em>quidfinceri,</em></span> 
     </span>
     <span class='ocr_line' id='line_1_5' title="bbox 168 535 916 604; baseline -0.003 -16"><span class='ocrx_word' id='word_1_25' title='bbox 168 553 194 588; x_wconf 83' lang='lat' dir='ltr'><em>roe</em></span> <span class='ocrx_word' id='word_1_26' title='bbox 204 539 254 604; x_wconf 88' lang='lat' dir='ltr'><em>quid</em></span> <span class='ocrx_word' id='word_1_27' title='bbox 264 539 423 587; x_wconf 75' lang='lat' dir='ltr'><em>incontaminati</em></span> <span class='ocrx_word' id='word_1_28' title='bbox 428 537 474 601; x_wconf 85' lang='lat' dir='ltr'><em>fit:</em></span> <span class='ocrx_word' id='word_1_29' title='bbox 492 545 523 601; x_wconf 87' lang='lat' dir='ltr'><em>nt,</em></span> <span class='ocrx_word' id='word_1_30' title='bbox 540 537 660 603; x_wconf 88' lang='lat' dir='ltr'><em>discrimine</em></span> <span class='ocrx_word' id='word_1_31' title='bbox 676 535 829 604; x_wconf 88' lang='lat' dir='ltr'><em>omnisullato‚</em></span> <span class='ocrx_word' id='word_1_32' title='bbox 846 553 883 586; x_wconf 88' lang='lat' dir='ltr'><em>nec</em></span> <span class='ocrx_word' id='word_1_33' title='bbox 888 539 916 602; x_wconf 85' lang='lat' dir='ltr'><em>se</em></span> 
     </span>
     <span class='ocr_line' id='line_1_6' title="bbox 166 614 918 683; baseline 0 -19"><span class='ocrx_word' id='word_1_34' title='bbox 166 616 283 683; x_wconf 70' lang='lat' dir='ltr'><em>qnisquam,</em></span> <span class='ocrx_word' id='word_1_35' title='bbox 299 616 390 681; x_wconf 87' lang='lat' dir='ltr'><em>necsuos</em></span> <span class='ocrx_word' id='word_1_36' title='bbox 401 616 495 664; x_wconf 77' lang='lat' dir='ltr'><em>nouerit.</em></span> <span class='ocrx_word' id='word_1_37' title='bbox 528 617 603 680; x_wconf 62' lang='lat' dir='ltr'><em>Quom</em></span> <span class='ocrx_word' id='word_1_38' title='bbox 615 615 670 663; x_wconf 86' lang='lat' dir='ltr'><em>enim</em></span> <span class='ocrx_word' id='word_1_39' title='bbox 681 615 747 663; x_wconf 89' lang='lat' dir='ltr'><em>oliam</em></span> <span class='ocrx_word' id='word_1_40' title='bbox 759 615 807 664; x_wconf 83' lang='lat' dir='ltr'><em>vim</em></span> <span class='ocrx_word' id='word_1_41' title='bbox 818 631 868 664; x_wconf 84' lang='lat' dir='ltr'><em>cono</em></span> <span class='ocrx_word' id='word_1_42' title='bbox 882 614 918 664; x_wconf 89' lang='lat' dir='ltr'><em>bia</em></span> 
     </span>
     <span class='ocr_line' id='line_1_7' title="bbox 165 691 916 760; baseline -0.001 -18"><span class='ocrx_word' id='word_1_43' title='bbox 165 694 287 760; x_wconf 80' lang='lat' dir='ltr'><em>promiscuo</em></span> <span class='ocrx_word' id='word_1_44' title='bbox 297 692 380 757; x_wconf 88' lang='lat' dir='ltr'><em>babere,</em></span> <span class='ocrx_word' id='word_1_45' title='bbox 392 691 431 757; x_wconf 76' lang='lat' dir='ltr'><em>nofi</em></span> <span class='ocrx_word' id='word_1_46' title='bbox 440 704 465 743; x_wconf 87' lang='lat' dir='ltr'><em>nt</em></span> <span class='ocrx_word' id='word_1_47' title='bbox 470 693 572 758; x_wconf 88' lang='lat' dir='ltr'><em>serarum</em></span> <span class='ocrx_word' id='word_1_48' title='bbox 580 703 649 758; x_wconf 85' lang='lat' dir='ltr'><em>prope</em></span> <span class='ocrx_word' id='word_1_49' title='bbox 663 693 708 740; x_wconf 89' lang='lat' dir='ltr'><em>ritu</em></span> <span class='ocrx_word' id='word_1_50' title='bbox 718 692 832 758; x_wconf 83' lang='lat' dir='ltr'><em>vulgentur</em></span> <span class='ocrx_word' id='word_1_51' title='bbox 841 707 916 742; x_wconf 86' lang='lat' dir='ltr'><em>concu-</em></span> 
     </span>
     <span class='ocr_line' id='line_1_8' title="bbox 163 768 917 839; baseline 0 -19"><span class='ocrx_word' id='word_1_52' title='bbox 163 768 224 822; x_wconf 82' lang='lat' dir='ltr'><em>bitus</em></span> <span class='ocrx_word' id='word_1_53' title='bbox 231 770 300 838; x_wconf 87' lang='lat' dir='ltr'><em>plebis</em></span> <span class='ocrx_word' id='word_1_54' title='bbox 311 772 463 839; x_wconf 76' lang='lat' dir='ltr'><em>Patremque?</em></span> <span class='ocrx_word' id='word_1_55' title='bbox 480 781 512 836; x_wconf 85' lang='lat' dir='ltr'><em>ut,</em></span> <span class='ocrx_word' id='word_1_56' title='bbox 527 771 563 839; x_wconf 79' lang='lat' dir='ltr'><em>qui</em></span> <span class='ocrx_word' id='word_1_57' title='bbox 574 779 635 819; x_wconf 86' lang='lat' dir='ltr'><em>notus</em></span> <span class='ocrx_word' id='word_1_58' title='bbox 640 769 679 836; x_wconf 79' lang='lat' dir='ltr'><em>sot,</em></span> <span class='ocrx_word' id='word_1_59' title='bbox 696 769 785 836; x_wconf 87' lang='lat' dir='ltr'><em>igmret,</em></span> <span class='ocrx_word' id='word_1_60' title='bbox 802 771 917 836; x_wconf 73' lang='lat' dir='ltr'><em>injussum·</em></span> 
     </span>
    </p>
   </div>
   <div class='ocr_carea' id='block_1_3' title="bbox 89 847 918 917">
    <p class='ocr_par' dir='ltr' id='par_1_3' title="bbox 89 847 918 917">
     <span class='ocr_line' id='line_1_9' title="bbox 89 847 918 917; baseline 0.001 -20"><span class='ocrx_word' id='word_1_61' title='bbox 89 852 91 857; x_wconf 89' lang='lat'>&#39;</span> <span class='ocrx_word' id='word_1_62' title='bbox 165 850 247 917; x_wconf 79' lang='lat' dir='ltr'><em>guinis,</em></span> <span class='ocrx_word' id='word_1_63' title='bbox 264 866 351 916; x_wconf 85' lang='lat' dir='ltr'><em>quorum</em></span> <span class='ocrx_word' id='word_1_64' title='bbox 361 852 472 916; x_wconf 77' lang='lat' dir='ltr'><em>fioerorum</em></span> <span class='ocrx_word' id='word_1_65' title='bbox 482 848 514 916; x_wconf 78' lang='lat' dir='ltr'><em>fit</em></span> <span class='ocrx_word' id='word_1_66' title='bbox 522 869 529 911; x_wconf 89' lang='lat'>;</span> <span class='ocrx_word' id='word_1_67' title='bbox 546 848 645 898; x_wconf 89' lang='lat' dir='ltr'><em>dimidius</em></span> <span class='ocrx_word' id='word_1_68' title='bbox 656 849 749 897; x_wconf 82' lang='lat' dir='ltr'><em>Petrum</em></span> <span class='ocrx_word' id='word_1_69' title='bbox 759 847 799 912; x_wconf 83' lang='lat' dir='ltr'><em>fit,</em></span> <span class='ocrx_word' id='word_1_70' title='bbox 816 847 918 898; x_wconf 81' lang='lat' dir='ltr'><em>dimidius</em></span> 
     </span>
    </p>
   </div>
   <div class='ocr_carea' id='block_1_4' title="bbox 151 924 918 1073">
    <p class='ocr_par' dir='ltr' id='par_1_4' title="bbox 151 924 918 1073">
     <span class='ocr_line' id='line_1_10' title="bbox 151 924 918 997; baseline 0 -23"><span class='ocrx_word' id='word_1_71' title='bbox 151 978 154 983; x_wconf 63' lang='grc'><strong><em>,</em></strong></span> <span class='ocrx_word' id='word_1_72' title='bbox 166 924 244 993; x_wconf 84' lang='lat' dir='ltr'><em>plebis,</em></span> <span class='ocrx_word' id='word_1_73' title='bbox 255 944 280 977; x_wconf 89' lang='lat' dir='ltr'><em>ne</em></span> <span class='ocrx_word' id='word_1_74' title='bbox 285 931 357 995; x_wconf 77' lang='lat' dir='ltr'><em>sicum</em></span> <span class='ocrx_word' id='word_1_75' title='bbox 368 929 450 997; x_wconf 81' lang='lat' dir='ltr'><em>quidem</em></span> <span class='ocrx_word' id='word_1_76' title='bbox 461 929 505 995; x_wconf 85' lang='lat' dir='ltr'><em>ipse</em></span> <span class='ocrx_word' id='word_1_77' title='bbox 515 942 606 981; x_wconf 83' lang='lat' dir='ltr'><em>concors.</em></span> <span class='ocrx_word' id='word_1_78' title='bbox 641 927 725 976; x_wconf 89' lang='lat' dir='ltr'><em>Porum</em></span> <span class='ocrx_word' id='word_1_79' title='bbox 736 926 758 974; x_wconf 90' lang='lat' dir='ltr'><em>id</em></span> <span class='ocrx_word' id='word_1_80' title='bbox 768 926 848 989; x_wconf 82' lang='lat' dir='ltr'><em>videri,</em></span> <span class='ocrx_word' id='word_1_81' title='bbox 862 925 918 992; x_wconf 82' lang='lat' dir='ltr'><em>quid</em></span> 
     </span>
     <span class='ocr_line' id='line_1_11' title="bbox 169 1002 916 1073; baseline 0.001 -21"><span class='ocrx_word' id='word_1_82' title='bbox 169 1005 241 1053; x_wconf 85' lang='lat' dir='ltr'><em>amnia</em></span> <span class='ocrx_word' id='word_1_83' title='bbox 251 1005 327 1055; x_wconf 84' lang='lat' dir='ltr'><em>divina</em></span> <span class='ocrx_word' id='word_1_84' title='bbox 337 1007 467 1073; x_wconf 76' lang='lat' dir='ltr'><em>humanaque</em></span> <span class='ocrx_word' id='word_1_85' title='bbox 477 1003 603 1055; x_wconf 85' lang='lat' dir='ltr'><em>turbentur:</em></span> <span class='ocrx_word' id='word_1_86' title='bbox 615 1003 666 1068; x_wconf 84' lang='lat' dir='ltr'><em>jam</em></span> <span class='ocrx_word' id='word_1_87' title='bbox 677 1003 707 1051; x_wconf 90' lang='lat' dir='ltr'><em>ad</em></span> <span class='ocrx_word' id='word_1_88' title='bbox 716 1002 842 1068; x_wconf 74' lang='lat' dir='ltr'><em>consulatum</em></span> <span class='ocrx_word' id='word_1_89' title='bbox 853 1002 916 1068; x_wconf 85' lang='lat' dir='ltr'><em>vulgi</em></span> 
     </span>
    </p>
   </div>
   <div class='ocr_carea' id='block_1_5' title="bbox 20 1071 916 1148">
    <p class='ocr_par' dir='ltr' id='par_1_5' title="bbox 20 1071 916 1148">
     <span class='ocr_line' id='line_1_12' title="bbox 20 1071 916 1148; baseline -0.003 -17"><span class='ocrx_word' id='word_1_90' title='bbox 20 1074 26 1082; x_wconf 74' lang='grc'><strong>”</strong></span> <span class='ocrx_word' id='word_1_91' title='bbox 82 1071 89 1083; x_wconf 50' lang='grc'><strong>“</strong></span> <span class='ocrx_word' id='word_1_92' title='bbox 169 1077 288 1130; x_wconf 76' lang='lat' dir='ltr'><em>turbatores</em></span> <span class='ocrx_word' id='word_1_93' title='bbox 298 1081 394 1148; x_wconf 76' lang='lat' dir='ltr'><em>acciagi5</em></span> <span class='ocrx_word' id='word_1_94' title='bbox 412 1082 439 1130; x_wconf 79' lang='lat' dir='ltr'><em>dr</em></span> <span class='ocrx_word' id='word_1_95' title='bbox 446 1081 527 1146; x_wconf 80' lang='lat' dir='ltr'><em>primi,</em></span> <span class='ocrx_word' id='word_1_96' title='bbox 544 1089 569 1130; x_wconf 79' lang='lat' dir='ltr'><em>ut</em></span> <span class='ocrx_word' id='word_1_97' title='bbox 586 1079 641 1129; x_wconf 87' lang='lat' dir='ltr'><em>alter</em></span> <span class='ocrx_word' id='word_1_98' title='bbox 656 1079 726 1145; x_wconf 80' lang='lat' dir='ltr'><em>consul</em></span> <span class='ocrx_word' id='word_1_99' title='bbox 743 1095 768 1129; x_wconf 84' lang='lat' dir='ltr'><em>ex</em></span> <span class='ocrx_word' id='word_1_100' title='bbox 775 1079 837 1145; x_wconf 87' lang='lat' dir='ltr'><em>plebe</em></span> <span class='ocrx_word' id='word_1_101' title='bbox 842 1079 916 1144; x_wconf 82' lang='lat' dir='ltr'><em>fieret,</em></span> 
     </span>
    </p>
   </div>
   <div class='ocr_carea' id='block_1_6' title="bbox 103 1153 973 2997">
    <p class='ocr_par' dir='ltr' id='par_1_6' title="bbox 103 1153 973 2997">
     <span class='ocr_line' id='line_1_13' title="bbox 170 1153 916 1223; baseline 0.007 -21"><span class='ocrx_word' id='word_1_102' title='bbox 170 1153 196 1202; x_wconf 85' lang='lat' dir='ltr'><em>id</em></span> <span class='ocrx_word' id='word_1_103' title='bbox 205 1157 264 1204; x_wconf 79' lang='lat' dir='ltr'><em>modi</em></span> <span class='ocrx_word' id='word_1_104' title='bbox 268 1159 399 1221; x_wconf 84' lang='lat' dir='ltr'><em>sermonibus</em></span> <span class='ocrx_word' id='word_1_105' title='bbox 406 1155 509 1221; x_wconf 84' lang='lat' dir='ltr'><em>tentdffe:</em></span> <span class='ocrx_word' id='word_1_106' title='bbox 525 1172 578 1205; x_wconf 87' lang='lat' dir='ltr'><em>nuuc</em></span> <span class='ocrx_word' id='word_1_107' title='bbox 588 1158 668 1222; x_wconf 80' lang='lat' dir='ltr'><em>rogari,</em></span> <span class='ocrx_word' id='word_1_108' title='bbox 684 1167 716 1218; x_wconf 87' lang='lat' dir='ltr'><em>nt,</em></span> <span class='ocrx_word' id='word_1_109' title='bbox 727 1157 767 1221; x_wconf 77' lang='lat' dir='ltr'><em>seu</em></span> <span class='ocrx_word' id='word_1_110' title='bbox 775 1172 801 1206; x_wconf 84' lang='lat' dir='ltr'><em>ex</em></span> <span class='ocrx_word' id='word_1_111' title='bbox 808 1155 916 1223; x_wconf 80' lang='lat' dir='ltr'><em>patribus,</em></span> 
     </span>
     <span class='ocr_line' id='line_1_14' title="bbox 165 1229 919 1297; baseline 0.004 -20"><span class='ocrx_word' id='word_1_112' title='bbox 165 1230 206 1296; x_wconf 72' lang='lat' dir='ltr'><em>fin</em></span> <span class='ocrx_word' id='word_1_113' title='bbox 222 1229 316 1295; x_wconf 82' lang='lat' dir='ltr'><em>explebe</em></span> <span class='ocrx_word' id='word_1_114' title='bbox 326 1231 388 1294; x_wconf 87' lang='lat' dir='ltr'><em>velit,</em></span> <span class='ocrx_word' id='word_1_115' title='bbox 402 1230 492 1297; x_wconf 89' lang='lat' dir='ltr'><em>populus</em></span> <span class='ocrx_word' id='word_1_116' title='bbox 505 1230 594 1295; x_wconf 87' lang='lat' dir='ltr'><em>consules</em></span> <span class='ocrx_word' id='word_1_117' title='bbox 612 1240 686 1280; x_wconf 87' lang='lat' dir='ltr'><em>creet:</em></span> <span class='ocrx_word' id='word_1_118' title='bbox 704 1232 731 1280; x_wconf 78' lang='lat' dir='ltr'><em>dr</em></span> <span class='ocrx_word' id='word_1_119' title='bbox 745 1241 851 1280; x_wconf 87' lang='lat' dir='ltr'><em>creaturos</em></span> <span class='ocrx_word' id='word_1_120' title='bbox 861 1231 919 1280; x_wconf 85' lang='lat' dir='ltr'><em>baud</em></span> 
     </span>
     <span class='ocr_line' id='line_1_15' title="bbox 170 1303 917 1371; baseline 0.003 -19"><span class='ocrx_word' id='word_1_121' title='bbox 170 1303 232 1352; x_wconf 73' lang='lat' dir='ltr'><em>dnbi‘e</em></span> <span class='ocrx_word' id='word_1_122' title='bbox 242 1320 268 1354; x_wconf 82' lang='lat' dir='ltr'><em>en</em></span> <span class='ocrx_word' id='word_1_123' title='bbox 278 1303 339 1371; x_wconf 87' lang='lat' dir='ltr'><em>plebe</em></span> <span class='ocrx_word' id='word_1_124' title='bbox 343 1305 517 1370; x_wconf 80' lang='lat' dir='ltr'><em>seditiofiffimum</em></span> <span class='ocrx_word' id='word_1_125' title='bbox 527 1320 635 1371; x_wconf 81' lang='lat' dir='ltr'><em>quemque.</em></span> <span class='ocrx_word' id='word_1_126' title='bbox 671 1305 778 1354; x_wconf 84' lang='lat' dir='ltr'><em>Canuleios</em></span> <span class='ocrx_word' id='word_1_127' title='bbox 791 1307 858 1370; x_wconf 78' lang='lat' dir='ltr'><em>igitir</em></span> <span class='ocrx_word' id='word_1_128' title='bbox 871 1308 917 1356; x_wconf 77' lang='lat' dir='ltr'><em>dci·</em></span> 
     </span>
     <span class='ocr_line' id='line_1_16' title="bbox 170 1374 917 1446; baseline 0.005 -19"><span class='ocrx_word' id='word_1_129' title='bbox 170 1376 245 1444; x_wconf 78' lang='lat' dir='ltr'><em>liosque</em></span> <span class='ocrx_word' id='word_1_130' title='bbox 255 1380 344 1446; x_wconf 81' lang='lat' dir='ltr'><em>consules</em></span> <span class='ocrx_word' id='word_1_131' title='bbox 349 1381 410 1444; x_wconf 90' lang='lat' dir='ltr'><em>sore.</em></span> <span class='ocrx_word' id='word_1_132' title='bbox 433 1396 459 1429; x_wconf 88' lang='lat' dir='ltr'><em>ne</em></span> <span class='ocrx_word' id='word_1_133' title='bbox 475 1380 498 1428; x_wconf 91' lang='lat' dir='ltr'><em>id</em></span> <span class='ocrx_word' id='word_1_134' title='bbox 513 1381 604 1446; x_wconf 85' lang='lat' dir='ltr'><em>Jupiter</em></span> <span class='ocrx_word' id='word_1_135' title='bbox 613 1374 706 1446; x_wconf 88' lang='lat' dir='ltr'><em>optimus</em></span> <span class='ocrx_word' id='word_1_136' title='bbox 716 1382 917 1446; x_wconf 74' lang='lat' dir='ltr'><em>marineusſsneret,</em></span> 
     </span>
     <span class='ocr_line' id='line_1_17' title="bbox 103 1455 916 1522; baseline 0.007 -19"><span class='ocrx_word' id='word_1_137' title='bbox 103 1474 106 1478; x_wconf 91' lang='lat'>·</span> <span class='ocrx_word' id='word_1_138' title='bbox 170 1455 233 1522; x_wconf 82' lang='lat' dir='ltr'><em>regie</em></span> <span class='ocrx_word' id='word_1_139' title='bbox 243 1455 361 1520; x_wconf 80' lang='lat' dir='ltr'><em>majestatis</em></span> <span class='ocrx_word' id='word_1_140' title='bbox 372 1458 486 1522; x_wconf 86' lang='lat' dir='ltr'><em>imperium</em></span> <span class='ocrx_word' id='word_1_141' title='bbox 500 1459 523 1506; x_wconf 84' lang='lat' dir='ltr'><em>eb</em></span> <span class='ocrx_word' id='word_1_142' title='bbox 541 1457 652 1506; x_wconf 83' lang='lat' dir='ltr'><em>recidere:</em></span> <span class='ocrx_word' id='word_1_143' title='bbox 670 1458 728 1522; x_wconf 71' lang='lat' dir='ltr'><em>dese</em></span> <span class='ocrx_word' id='word_1_144' title='bbox 738 1458 814 1506; x_wconf 84' lang='lat' dir='ltr'><em>millies</em></span> <span class='ocrx_word' id='word_1_145' title='bbox 825 1460 916 1509; x_wconf 87' lang='lat' dir='ltr'><em>moritu·</em></span> 
     </span>
     <span class='ocr_line' id='line_1_18' title="bbox 170 1532 916 1601; baseline 0.005 -22"><span class='ocrx_word' id='word_1_146' title='bbox 170 1544 206 1580; x_wconf 87' lang='lat' dir='ltr'><em>ros</em></span> <span class='ocrx_word' id='word_1_147' title='bbox 213 1532 292 1597; x_wconf 72' lang='lat' dir='ltr'><em>potitis,</em></span> <span class='ocrx_word' id='word_1_148' title='bbox 309 1535 375 1599; x_wconf 75' lang='lat' dir='ltr'><em>quim</em></span> <span class='ocrx_word' id='word_1_149' title='bbox 382 1542 498 1584; x_wconf 83' lang='lat' dir='ltr'><em>uttontmu</em></span> <span class='ocrx_word' id='word_1_150' title='bbox 508 1533 611 1584; x_wconf 84' lang='lat' dir='ltr'><em>dedecoris</em></span> <span class='ocrx_word' id='word_1_151' title='bbox 620 1534 708 1583; x_wconf 82' lang='lat' dir='ltr'><em>admitti</em></span> <span class='ocrx_word' id='word_1_152' title='bbox 715 1536 837 1601; x_wconf 77' lang='lat' dir='ltr'><em>patientia.</em></span> <span class='ocrx_word' id='word_1_153' title='bbox 863 1538 916 1584; x_wconf 82' lang='lat' dir='ltr'><em>Cer·</em></span> 
     </span>
     <span class='ocr_line' id='line_1_19' title="bbox 171 1607 973 1711; baseline 0.001 -51"><span class='ocrx_word' id='word_1_154' title='bbox 171 1618 218 1660; x_wconf 89' lang='lat' dir='ltr'><em>tum</em></span> <span class='ocrx_word' id='word_1_155' title='bbox 228 1607 311 1675; x_wconf 85' lang='lat' dir='ltr'><em>babere,</em></span> <span class='ocrx_word' id='word_1_156' title='bbox 327 1613 418 1677; x_wconf 78' lang='lat' dir='ltr'><em>neajorrs</em></span> <span class='ocrx_word' id='word_1_157' title='bbox 428 1628 512 1679; x_wconf 80' lang='lat' dir='ltr'><em>quoque,</em></span> <span class='ocrx_word' id='word_1_158' title='bbox 524 1610 546 1677; x_wconf 86' lang='lat' dir='ltr'><em>fi</em></span> <span class='ocrx_word' id='word_1_159' title='bbox 561 1611 695 1680; x_wconf 75' lang='lat' dir='ltr'><em>divindffint,</em></span> <span class='ocrx_word' id='word_1_160' title='bbox 710 1612 834 1663; x_wconf 85' lang='lat' dir='ltr'><em>coneedendo</em></span> <span class='ocrx_word' id='word_1_161' title='bbox 843 1615 973 1711; x_wconf 59' lang='lat' dir='ltr'><em>⁰¹¹¹an</em></span> 
     </span>
     <span class='ocr_line' id='line_1_20' title="bbox 171 1687 916 1758; baseline 0.004 -23"><span class='ocrx_word' id='word_1_162' title='bbox 171 1702 212 1736; x_wconf 86' lang='lat' dir='ltr'><em>non</em></span> <span class='ocrx_word' id='word_1_163' title='bbox 222 1687 329 1738; x_wconf 86' lang='lat' dir='ltr'><em>mitiorem</em></span> <span class='ocrx_word' id='word_1_164' title='bbox 338 1691 392 1757; x_wconf 80' lang='lat' dir='ltr'><em>inse</em></span> <span class='ocrx_word' id='word_1_165' title='bbox 397 1690 488 1757; x_wconf 71' lang='lat' dir='ltr'><em>plebem</em></span> <span class='ocrx_word' id='word_1_166' title='bbox 499 1691 673 1758; x_wconf 85' lang='lat' dir='ltr'><em>sedaspeoiarem</em></span> <span class='ocrx_word' id='word_1_167' title='bbox 682 1689 726 1740; x_wconf 86' lang='lat' dir='ltr'><em>alia</em></span> <span class='ocrx_word' id='word_1_168' title='bbox 734 1705 760 1740; x_wconf 85' lang='lat' dir='ltr'><em>eor</em></span> <span class='ocrx_word' id='word_1_169' title='bbox 767 1689 815 1738; x_wconf 89' lang='lat' dir='ltr'><em>aliis</em></span> <span class='ocrx_word' id='word_1_170' title='bbox 826 1689 916 1756; x_wconf 83' lang='lat' dir='ltr'><em>iniquio-</em></span> 
     </span>
     <span class='ocr_line' id='line_1_21' title="bbox 171 1765 918 1837; baseline -0.001 -22"><span class='ocrx_word' id='word_1_171' title='bbox 171 1780 198 1815; x_wconf 89' lang='lat' dir='ltr'><em>ra</em></span> <span class='ocrx_word' id='word_1_172' title='bbox 215 1765 434 1834; x_wconf 23' lang='lat' dir='ltr'><em>postulando,1qnum</em></span> <span class='ocrx_word' id='word_1_173' title='bbox 454 1768 531 1834; x_wconf 87' lang='lat' dir='ltr'><em>prima</em></span> <span class='ocrx_word' id='word_1_174' title='bbox 551 1767 688 1837; x_wconf 78' lang='lat' dir='ltr'><em>impetrdffet,</em></span> <span class='ocrx_word' id='word_1_175' title='bbox 708 1769 820 1834; x_wconf 74' lang='lat' dir='ltr'><em>futuram,</em></span> <span class='ocrx_word' id='word_1_176' title='bbox 842 1766 918 1833; x_wconf 79' lang='lat' dir='ltr'><em>primi</em></span> 
     </span>
     <span class='ocr_line' id='line_1_22' title="bbox 171 1843 916 1914; baseline 0 -21"><span class='ocrx_word' id='word_1_177' title='bbox 171 1843 286 1910; x_wconf 68' lang='lat' dir='ltr'><em>quamlibet</em></span> <span class='ocrx_word' id='word_1_178' title='bbox 302 1846 457 1896; x_wconf 84' lang='lat' dir='ltr'><em>dimicationem</em></span> <span class='ocrx_word' id='word_1_179' title='bbox 467 1845 572 1912; x_wconf 80' lang='lat' dir='ltr'><em>subituros</em></span> <span class='ocrx_word' id='word_1_180' title='bbox 583 1846 648 1914; x_wconf 71' lang='lat' dir='ltr'><em>furffe</em></span> <span class='ocrx_word' id='word_1_181' title='bbox 657 1848 737 1914; x_wconf 78' lang='lat' dir='ltr'><em>potiit,</em></span> <span class='ocrx_word' id='word_1_182' title='bbox 754 1848 868 1912; x_wconf 74' lang='lat' dir='ltr'><em>qudmjeos</em></span> <span class='ocrx_word' id='word_1_183' title='bbox 885 1844 916 1893; x_wconf 89' lang='lat' dir='ltr'><em>le·</em></span> 
     </span>
     <span class='ocr_line' id='line_1_23' title="bbox 167 1920 916 1991; baseline 0.001 -20"><span class='ocrx_word' id='word_1_184' title='bbox 167 1920 256 1991; x_wconf 77' lang='lat' dir='ltr'><em>gesjibi</em></span> <span class='ocrx_word' id='word_1_185' title='bbox 266 1922 347 1990; x_wconf 89' lang='lat' dir='ltr'><em>imponi</em></span> <span class='ocrx_word' id='word_1_186' title='bbox 354 1931 489 1991; x_wconf 87' lang='lat' dir='ltr'><em>paterentur.</em></span> <span class='ocrx_word' id='word_1_187' title='bbox 499 1924 559 1989; x_wconf 64' lang='lat' dir='ltr'><em>,moia</em></span> <span class='ocrx_word' id='word_1_188' title='bbox 570 1932 616 1974; x_wconf 85' lang='lat' dir='ltr'><em>tum</em></span> <span class='ocrx_word' id='word_1_189' title='bbox 626 1922 736 1989; x_wconf 81' lang='lat' dir='ltr'><em>oonoefflem</em></span> <span class='ocrx_word' id='word_1_190' title='bbox 741 1923 773 1988; x_wconf 78' lang='lat' dir='ltr'><em>stt</em></span> <span class='ocrx_word' id='word_1_191' title='bbox 782 1923 808 1972; x_wconf 88' lang='lat' dir='ltr'><em>de</em></span> <span class='ocrx_word' id='word_1_192' title='bbox 818 1923 916 1988; x_wconf 77' lang='lat' dir='ltr'><em>tribunis,</em></span> 
     </span>
     <span class='ocr_line' id='line_1_24' title="bbox 171 1998 916 2068; baseline 0.001 -19"><span class='ocrx_word' id='word_1_193' title='bbox 171 1998 251 2050; x_wconf 89' lang='lat' dir='ltr'><em>iterum</em></span> <span class='ocrx_word' id='word_1_194' title='bbox 262 2001 372 2068; x_wconf 79' lang='lat' dir='ltr'><em>ronceffiom</em></span> <span class='ocrx_word' id='word_1_195' title='bbox 386 2000 432 2066; x_wconf 65' lang='lat' dir='ltr'><em>ff·</em></span> <span class='ocrx_word' id='word_1_196' title='bbox 450 2001 518 2066; x_wconf 83' lang='lat' dir='ltr'><em>finem</em></span> <span class='ocrx_word' id='word_1_197' title='bbox 532 2002 638 2065; x_wconf 83' lang='lat' dir='ltr'><em>uonfieri.</em></span> <span class='ocrx_word' id='word_1_198' title='bbox 662 2000 721 2068; x_wconf 76' lang='lat' dir='ltr'><em>Poffe</em></span> <span class='ocrx_word' id='word_1_199' title='bbox 737 2003 760 2051; x_wconf 87' lang='lat' dir='ltr'><em>in</em></span> <span class='ocrx_word' id='word_1_200' title='bbox 772 2001 845 2051; x_wconf 90' lang='lat' dir='ltr'><em>eadem</em></span> <span class='ocrx_word' id='word_1_201' title='bbox 856 2002 916 2050; x_wconf 82' lang='lat' dir='ltr'><em>eivi-</em></span> 
     </span>
     <span class='ocr_line' id='line_1_25' title="bbox 172 2078 917 2147; baseline 0.003 -19"><span class='ocrx_word' id='word_1_202' title='bbox 172 2086 219 2128; x_wconf 88' lang='lat' dir='ltr'><em>tate</em></span> <span class='ocrx_word' id='word_1_203' title='bbox 229 2078 321 2130; x_wconf 87' lang='lat' dir='ltr'><em>tribunos</em></span> <span class='ocrx_word' id='word_1_204' title='bbox 329 2078 396 2147; x_wconf 87' lang='lat' dir='ltr'><em>plebis</em></span> <span class='ocrx_word' id='word_1_205' title='bbox 407 2081 434 2130; x_wconf 71' lang='lat' dir='ltr'><em>to</em></span> <span class='ocrx_word' id='word_1_206' title='bbox 445 2083 523 2130; x_wconf 86' lang='lat' dir='ltr'><em>Patres</em></span> <span class='ocrx_word' id='word_1_207' title='bbox 534 2078 593 2145; x_wconf 82' lang='lat' dir='ltr'><em>effe?</em></span> <span class='ocrx_word' id='word_1_208' title='bbox 609 2090 647 2130; x_wconf 92' lang='lat' dir='ltr'><em>aut</em></span> <span class='ocrx_word' id='word_1_209' title='bbox 657 2081 709 2130; x_wconf 86' lang='lat' dir='ltr'><em>buno</em></span> <span class='ocrx_word' id='word_1_210' title='bbox 718 2081 820 2145; x_wconf 84' lang='lat' dir='ltr'><em>ordinem,</em></span> <span class='ocrx_word' id='word_1_211' title='bbox 837 2089 875 2129; x_wconf 91' lang='lat' dir='ltr'><em>aut</em></span> <span class='ocrx_word' id='word_1_212' title='bbox 889 2079 917 2130; x_wconf 88' lang='lat' dir='ltr'><em>il·</em></span> 
     </span>
     <span class='ocr_line' id='line_1_26' title="bbox 171 2154 916 2223; baseline 0 -16"><span class='ocrx_word' id='word_1_213' title='bbox 171 2154 217 2207; x_wconf 82' lang='lat' dir='ltr'><em>tom</em></span> <span class='ocrx_word' id='word_1_214' title='bbox 233 2156 381 2222; x_wconf 84' lang='lat' dir='ltr'><em>magistratum</em></span> <span class='ocrx_word' id='word_1_215' title='bbox 396 2156 507 2205; x_wconf 89' lang='lat' dir='ltr'><em>tollendum</em></span> <span class='ocrx_word' id='word_1_216' title='bbox 524 2155 577 2222; x_wconf 79' lang='lat' dir='ltr'><em>effe:</em></span> <span class='ocrx_word' id='word_1_217' title='bbox 591 2157 700 2222; x_wconf 72' lang='lat' dir='ltr'><em>patinisque</em></span> <span class='ocrx_word' id='word_1_218' title='bbox 710 2160 767 2222; x_wconf 79' lang='lat' dir='ltr'><em>seri,</em></span> <span class='ocrx_word' id='word_1_219' title='bbox 784 2162 849 2223; x_wconf 81' lang='lat' dir='ltr'><em>qndm</em></span> <span class='ocrx_word' id='word_1_220' title='bbox 862 2174 916 2207; x_wconf 88' lang='lat' dir='ltr'><em>nun·</em></span> 
     </span>
     <span class='ocr_line' id='line_1_27' title="bbox 172 2231 917 2301; baseline 0.005 -23"><span class='ocrx_word' id='word_1_221' title='bbox 172 2245 236 2299; x_wconf 74' lang='lat' dir='ltr'><em>quam</em></span> <span class='ocrx_word' id='word_1_222' title='bbox 247 2232 335 2280; x_wconf 79' lang='lat' dir='ltr'><em>obviam</em></span> <span class='ocrx_word' id='word_1_223' title='bbox 346 2231 434 2281; x_wconf 81' lang='lat' dir='ltr'><em>eundum</em></span> <span class='ocrx_word' id='word_1_224' title='bbox 444 2231 533 2279; x_wconf 75' lang='lat' dir='ltr'><em>audacie</em></span> <span class='ocrx_word' id='word_1_225' title='bbox 540 2232 703 2296; x_wconf 85' lang='lat' dir='ltr'><em>temeritatique.</em></span> <span class='ocrx_word' id='word_1_226' title='bbox 737 2234 801 2282; x_wconf 81' lang='lat' dir='ltr'><em>Illinc</em></span> <span class='ocrx_word' id='word_1_227' title='bbox 810 2244 834 2282; x_wconf 89' lang='lat' dir='ltr'><em>ut</em></span> <span class='ocrx_word' id='word_1_228' title='bbox 845 2235 917 2301; x_wconf 88' lang='lat' dir='ltr'><em>impu·</em></span> 
     </span>
     <span class='ocr_line' id='line_1_28' title="bbox 171 2306 916 2374; baseline 0.003 -16"><span class='ocrx_word' id='word_1_229' title='bbox 171 2322 199 2358; x_wconf 85' lang='lat' dir='ltr'><em>ne</em></span> <span class='ocrx_word' id='word_1_230' title='bbox 206 2308 280 2372; x_wconf 81' lang='lat' dir='ltr'><em>primi</em></span> <span class='ocrx_word' id='word_1_231' title='bbox 287 2308 397 2374; x_wconf 78' lang='lat' dir='ltr'><em>discordias</em></span> <span class='ocrx_word' id='word_1_232' title='bbox 398 2309 494 2370; x_wconf 88' lang='lat' dir='ltr'><em>ferentes</em></span> <span class='ocrx_word' id='word_1_233' title='bbox 504 2306 606 2355; x_wconf 84' lang='lat' dir='ltr'><em>concitem</em></span> <span class='ocrx_word' id='word_1_234' title='bbox 610 2308 708 2369; x_wconf 88' lang='lat' dir='ltr'><em>finitima</em></span> <span class='ocrx_word' id='word_1_235' title='bbox 717 2308 777 2372; x_wconf 88' lang='lat' dir='ltr'><em>bella,</em></span> <span class='ocrx_word' id='word_1_236' title='bbox 794 2311 866 2359; x_wconf 87' lang='lat' dir='ltr'><em>deiude</em></span> <span class='ocrx_word' id='word_1_237' title='bbox 876 2311 916 2360; x_wconf 91' lang='lat' dir='ltr'><em>ad-</em></span> 
     </span>
     <span class='ocr_line' id='line_1_29' title="bbox 172 2383 918 2456; baseline 0.007 -24"><span class='ocrx_word' id='word_1_238' title='bbox 172 2385 249 2450; x_wconf 83' lang='lat' dir='ltr'><em>versus</em></span> <span class='ocrx_word' id='word_1_239' title='bbox 267 2400 300 2448; x_wconf 87' lang='lat' dir='ltr'><em>ea,</em></span> <span class='ocrx_word' id='word_1_240' title='bbox 321 2401 364 2452; x_wconf 85' lang='lat' dir='ltr'><em>quo</em></span> <span class='ocrx_word' id='word_1_241' title='bbox 379 2383 540 2447; x_wconf 69' lang='lat' dir='ltr'><em>concitaverint,</em></span> <span class='ocrx_word' id='word_1_242' title='bbox 562 2385 644 2432; x_wconf 77' lang='lat' dir='ltr'><em>monaci</em></span> <span class='ocrx_word' id='word_1_243' title='bbox 660 2386 776 2435; x_wconf 83' lang='lat' dir='ltr'><em>civitatem</em></span> <span class='ocrx_word' id='word_1_244' title='bbox 794 2387 918 2456; x_wconf 71' lang='lat' dir='ltr'><em>deflendique</em></span> 
     </span>
     <span class='ocr_line' id='line_1_30' title="bbox 169 2460 917 2530; baseline 0.005 -19"><span class='ocrx_word' id='word_1_245' title='bbox 169 2460 316 2529; x_wconf 79' lang='lat' dir='ltr'><em>prohibeant?</em></span> <span class='ocrx_word' id='word_1_246' title='bbox 333 2463 369 2527; x_wconf 78' lang='lat' dir='ltr'><em>dr,</em></span> <span class='ocrx_word' id='word_1_247' title='bbox 384 2479 448 2530; x_wconf 81' lang='lat' dir='ltr'><em>quam</em></span> <span class='ocrx_word' id='word_1_248' title='bbox 458 2461 523 2526; x_wconf 81' lang='lat' dir='ltr'><em>hostes</em></span> <span class='ocrx_word' id='word_1_249' title='bbox 536 2464 620 2515; x_wconf 79' lang='lat' dir='ltr'><em>tantine</em></span> <span class='ocrx_word' id='word_1_250' title='bbox 637 2465 819 2529; x_wconf 80' lang='lat' dir='ltr'><em>nonarceffieriut,</em></span> <span class='ocrx_word' id='word_1_251' title='bbox 836 2466 917 2516; x_wconf 83' lang='lat' dir='ltr'><em>exerci-</em></span> 
     </span>
     <span class='ocr_line' id='line_1_31' title="bbox 172 2538 917 2608; baseline 0 -17"><span class='ocrx_word' id='word_1_252' title='bbox 172 2547 208 2591; x_wconf 87' lang='lat' dir='ltr'><em>tus</em></span> <span class='ocrx_word' id='word_1_253' title='bbox 217 2539 316 2608; x_wconf 83' lang='lat' dir='ltr'><em>conscribi</em></span> <span class='ocrx_word' id='word_1_254' title='bbox 326 2541 429 2607; x_wconf 77' lang='lat' dir='ltr'><em>adversio</em></span> <span class='ocrx_word' id='word_1_255' title='bbox 437 2538 501 2604; x_wconf 84' lang='lat' dir='ltr'><em>bostes</em></span> <span class='ocrx_word' id='word_1_256' title='bbox 512 2555 552 2591; x_wconf 82' lang='lat' dir='ltr'><em>non</em></span> <span class='ocrx_word' id='word_1_257' title='bbox 559 2541 693 2607; x_wconf 82' lang='lat' dir='ltr'><em>patiantur?</em></span> <span class='ocrx_word' id='word_1_258' title='bbox 727 2544 770 2590; x_wconf 87' lang='lat' dir='ltr'><em>Sed</em></span> <span class='ocrx_word' id='word_1_259' title='bbox 782 2544 858 2594; x_wconf 84' lang='lat' dir='ltr'><em>audeat</em></span> <span class='ocrx_word' id='word_1_260' title='bbox 874 2545 917 2592; x_wconf 88' lang='lat' dir='ltr'><em>Co·</em></span> 
     </span>
     <span class='ocr_line' id='line_1_32' title="bbox 172 2616 921 2687; baseline 0.001 -19"><span class='ocrx_word' id='word_1_261' title='bbox 172 2616 253 2668; x_wconf 73' lang='lat' dir='ltr'><em>nauta</em></span> <span class='ocrx_word' id='word_1_262' title='bbox 268 2617 291 2667; x_wconf 91' lang='lat' dir='ltr'><em>in</em></span> <span class='ocrx_word' id='word_1_263' title='bbox 299 2620 376 2685; x_wconf 78' lang='lat' dir='ltr'><em>senatu</em></span> <span class='ocrx_word' id='word_1_264' title='bbox 386 2617 489 2683; x_wconf 77' lang='lat' dir='ltr'><em>praloqui,</em></span> <span class='ocrx_word' id='word_1_265' title='bbox 498 2618 538 2683; x_wconf 47' lang='lat' dir='ltr'><em>sep</em></span> <span class='ocrx_word' id='word_1_266' title='bbox 547 2617 644 2686; x_wconf 77' lang='lat' dir='ltr'><em>oistsuas</em></span> <span class='ocrx_word' id='word_1_267' title='bbox 654 2617 710 2687; x_wconf 85' lang='lat' dir='ltr'><em>leges</em></span> <span class='ocrx_word' id='word_1_268' title='bbox 720 2626 820 2685; x_wconf 82' lang='lat' dir='ltr'><em>tanquam</em></span> <span class='ocrx_word' id='word_1_269' title='bbox 830 2618 921 2670; x_wconf 78' lang='lat' dir='ltr'><em>vilioris</em></span> 
     </span>
     <span class='ocr_line' id='line_1_33' title="bbox 173 2693 919 2764; baseline -0.005 -15"><span class='ocrx_word' id='word_1_270' title='bbox 173 2693 255 2749; x_wconf 79' lang='lat' dir='ltr'><em>Patres</em></span> <span class='ocrx_word' id='word_1_271' title='bbox 270 2697 337 2764; x_wconf 86' lang='lat' dir='ltr'><em>accipi</em></span> <span class='ocrx_word' id='word_1_272' title='bbox 343 2695 423 2762; x_wconf 78' lang='lat' dir='ltr'><em>fiuant,</em></span> <span class='ocrx_word' id='word_1_273' title='bbox 440 2696 541 2745; x_wconf 77' lang='lat' dir='ltr'><em>delelbum</em></span> <span class='ocrx_word' id='word_1_274' title='bbox 551 2695 622 2746; x_wconf 81' lang='lat' dir='ltr'><em>baberi</em></span> <span class='ocrx_word' id='word_1_275' title='bbox 635 2694 799 2762; x_wconf 81' lang='lat' dir='ltr'><em>prohibiturum.</em></span> <span class='ocrx_word' id='word_1_276' title='bbox 822 2697 871 2763; x_wconf 87' lang='lat' dir='ltr'><em>quid</em></span> <span class='ocrx_word' id='word_1_277' title='bbox 881 2695 919 2764; x_wconf 62' lang='lat' dir='ltr'><em>ff</em></span> 
     </span>
     <span class='ocr_line' id='line_1_34' title="bbox 173 2771 919 2840; baseline 0 -18"><span class='ocrx_word' id='word_1_278' title='bbox 173 2771 239 2835; x_wconf 83' lang='lat' dir='ltr'><em>aliud,</em></span> <span class='ocrx_word' id='word_1_279' title='bbox 255 2774 322 2839; x_wconf 81' lang='lat' dir='ltr'><em>quom</em></span> <span class='ocrx_word' id='word_1_280' title='bbox 335 2773 421 2836; x_wconf 87' lang='lat' dir='ltr'><em>minari,</em></span> <span class='ocrx_word' id='word_1_281' title='bbox 432 2775 458 2839; x_wconf 83' lang='lat' dir='ltr'><em>se</em></span> <span class='ocrx_word' id='word_1_282' title='bbox 465 2773 601 2840; x_wconf 83' lang='lat' dir='ltr'><em>proditurum</em></span> <span class='ocrx_word' id='word_1_283' title='bbox 616 2772 735 2839; x_wconf 85' lang='lat' dir='ltr'><em>patriam?</em></span> <span class='ocrx_word' id='word_1_284' title='bbox 751 2774 868 2839; x_wconf 85' lang='lat' dir='ltr'><em>oppugnari</em></span> <span class='ocrx_word' id='word_1_285' title='bbox 883 2782 919 2822; x_wconf 89' lang='lat' dir='ltr'><em>at·</em></span> 
     </span>
     <span class='ocr_line' id='line_1_35' title="bbox 172 2847 917 2919; baseline 0.001 -22"><span class='ocrx_word' id='word_1_286' title='bbox 172 2864 212 2916; x_wconf 82' lang='lat' dir='ltr'><em>que</em></span> <span class='ocrx_word' id='word_1_287' title='bbox 221 2849 404 2918; x_wconf 81' lang='lat' dir='ltr'><em>copipoffurum?</em></span> <span class='ocrx_word' id='word_1_288' title='bbox 420 2852 470 2919; x_wconf 82' lang='lat' dir='ltr'><em>quid</em></span> <span class='ocrx_word' id='word_1_289' title='bbox 477 2854 525 2901; x_wconf 88' lang='lat' dir='ltr'><em>eoin</em></span> <span class='ocrx_word' id='word_1_290' title='bbox 536 2867 611 2900; x_wconf 84' lang='lat' dir='ltr'><em>vocem</em></span> <span class='ocrx_word' id='word_1_291' title='bbox 621 2850 751 2910; x_wconf 63' lang='lat' dir='ltr'><em>sicimorum</em></span> <span class='ocrx_word' id='word_1_292' title='bbox 758 2866 798 2898; x_wconf 90' lang='lat' dir='ltr'><em>non</em></span> <span class='ocrx_word' id='word_1_293' title='bbox 803 2847 861 2915; x_wconf 87' lang='lat' dir='ltr'><em>plebi</em></span> <span class='ocrx_word' id='word_1_294' title='bbox 872 2851 917 2898; x_wconf 76' lang='lat' dir='ltr'><em>tto·</em></span> 
     </span>
     <span class='ocr_line' id='line_1_36' title="bbox 173 2924 918 2997; baseline -0.007 -20"><span class='ocrx_word' id='word_1_295' title='bbox 173 2941 249 2989; x_wconf 83' lang='lat' dir='ltr'><em>mane,</em></span> <span class='ocrx_word' id='word_1_296' title='bbox 258 2927 302 2992; x_wconf 83' lang='lat' dir='ltr'><em>sed</em></span> <span class='ocrx_word' id='word_1_297' title='bbox 311 2927 427 2995; x_wconf 68' lang='lat' dir='ltr'><em>Volscis&amp;</em></span> <span class='ocrx_word' id='word_1_298' title='bbox 437 2929 516 2997; x_wconf 81' lang='lat' dir='ltr'><em>AEquis</em></span> <span class='ocrx_word' id='word_1_299' title='bbox 527 2928 553 2980; x_wconf 75' lang='lat' dir='ltr'><em>dr</em></span> <span class='ocrx_word' id='word_1_300' title='bbox 565 2924 684 2991; x_wconf 79' lang='lat' dir='ltr'><em>Vejentibus</em></span> <span class='ocrx_word' id='word_1_301' title='bbox 694 2925 828 2974; x_wconf 80' lang='lat' dir='ltr'><em>allaturam?</em></span> <span class='ocrx_word' id='word_1_302' title='bbox 851 2927 918 2973; x_wconf 88' lang='lat' dir='ltr'><em>Non·</em></span> 
     </span>
    </p>
   </div>
   <div class='ocr_carea' id='block_1_7' title="bbox 171 2998 917 3127">
    <p class='ocr_par' dir='ltr' id='par_1_7' title="bbox 171 2998 917 3127">
     <span class='ocr_line' id='line_1_37' title="bbox 171 2998 917 3127; baseline -0.017 -66"><span class='ocrx_word' id='word_1_303' title='bbox 171 3017 210 3092; x_wconf 58' lang='lat' dir='ltr'><em>rt,</em></span> <span class='ocrx_word' id='word_1_304' title='bbox 228 3003 326 3058; x_wconf 61' lang='lat' dir='ltr'><em>mauu</em></span> <span class='ocrx_word' id='word_1_305' title='bbox 334 3005 394 3075; x_wconf 84' lang='lat' dir='ltr'><em>duee,</em></span> <span class='ocrx_word' id='word_1_306' title='bbox 403 2998 699 3096; x_wconf 59' lang='lat' dir='ltr'><em>sespmmmm&#39;dapittbwo</em></span> <span class='ocrx_word' id='word_1_307' title='bbox 709 3010 770 3070; x_wconf 75' lang='lat' dir='ltr'><em>atpus</em></span> <span class='ocrx_word' id='word_1_308' title='bbox 780 3001 917 3127; x_wconf 51' lang='lat' dir='ltr'><em>memslii:</em></span> 
     </span>
    </p>
   </div>
   <div class='ocr_carea' id='block_1_8' title="bbox 0 0 991 3660">
    <p class='ocr_par' dir='ltr' id='par_1_8' title="bbox 0 0 991 3660">
     <span class='ocr_line' id='line_1_38' title="bbox 0 0 991 3660; baseline 0 0"><span class='ocrx_word' id='word_1_309' title='bbox 0 0 991 3660; x_wconf 95' lang='lat' dir='ltr'><em> </em></span> 
     </span>
    </p>
   </div>
  </div>
 </body>
</html>
