1964 3660
151 242 200 298 ξοδ
406 236 635 288 T.nrvt1

151 322 269 374 matronis
281 321 400 384 habitum,
417 333 447 370 ut
458 322 552 388 pilento
566 321 597 370 ad
617 320 685 370 saera
697 317 826 386 ludosque,
844 333 899 371 ear·

151 401 230 466 pentir
242 400 301 448 sesto
311 400 465 464 profestoque
476 408 613 448 uterentur.
648 397 759 449 Pondere
773 398 805 446 ab
817 395 899 460 singu·

151 475 180 524 lis
197 476 250 523 auri
264 484 366 541 accepto
381 473 554 538 aestimatoque,
572 483 600 521 ut
617 472 727 539 pecuniae
736 472 899 545 solverentur,

153 560 272 599 crateram
288 565 387 599 auream
407 549 459 598 fieri
480 551 581 616 placuit,
598 565 653 614 quae
670 548 765 598 donum
787 547 900 614 Apollini

153 626 264 692 Delphos
276 637 423 692 portaretur.
458 626 533 675 Simul
544 626 576 674 ab
586 625 706 688 religione
718 624 815 674 animoa
826 623 900 673 remi·

152 699 243 763 serunt,
261 703 383 766 integrant
402 701 547 751 seditionem
565 700 765 766 tribuniplebis:
783 700 903 751 incitatur

152 779 290 829 multitudo
301 781 326 828 in
338 796 423 829 omnes
431 780 564 849 principes,
581 789 638 828 ante
648 778 709 827 alios
721 778 747 826 in
760 773 903 829 Camilltun.

154 857 219 905 Eum
231 855 337 923 predam
352 857 515 921 Vejentanam
527 854 675 923 publicando
692 854 860 919 sacrandoque
870 851 903 903 ad

153 931 261 980 nibilum
280 932 406 996 redegiffe.
424 933 534 982 absentes
552 931 668 981 ferociter
677 933 823 998 increpant:
840 943 903 995 prte-

155 1009 269 1073 lentlum‚
287 1027 364 1075 quum
376 1011 400 1062 se
414 1012 480 1062 ultro
499 1012 567 1061 iratis
582 1008 708 1071 offerrent,
725 1008 902 1059 verecundiam

156 1087 259 1136 habent.
279 1089 354 1136 simul
367 1089 464 1139 extrahi
475 1104 528 1137 rem
536 1101 604 1138 exeo
613 1101 679 1136 anno
691 1085 815 1148 viderunt,
822 1085 907 1134 tribu-1

155 1179 201 1214 nos
212 1164 289 1230 plebis
301 1166 389 1214 latores
403 1165 462 1228 legis
473 1165 501 1213 in
515 1179 606 1212 annum
623 1161 723 1212 eosdem
734 1160 857 1211 reficiunt.
874 1160 903 1214 ἃ

155 1242 239 1291 ratres
251 1241 299 1288 hoe
311 1240 376 1289 idem
388 1239 418 1288 de
429 1238 623 1289 intercessoribus
637 1238 698 1301 legis
708 1236 794 1288 annifi-
811 1238 847 1288 ita
857 1237 905 1288 tti-v

154 1311 216 1363 buni
229 1314 305 1378 plebis
316 1329 406 1378 magna
414 1329 447 1364 ex
459 1324 529 1381 parte
546 1314 619 1364 iidem
627 1312 720 1362 reletli.

189 1392 288 1438 XXVI.
308 1392 421 1440 comitiis
439 1392 597 1442 tribunorum
614 1392 722 1440 militurn
740 1393 823 1458 Patren
836 1390 905 1441 suma

66 1512 72 1528 ,
156 1464 198 1515 tna
214 1480 262 1530 ope
278 1467 413 1529 evicerunt,
430 1477 460 1515 ut
476 1470 514 1516 M.
532 1467 619 1516 Furius
638 1468 754 1517 Cantillus
771 1478 906 1518 eroeretuh

160 1551 262 1608 propter
278 1541 342 1590 bella
358 1541 504 1592 simulabant
514 1543 594 1609 parari
610 1542 707 1607 ducem,
720 1542 760 1594 sed
777 1544 907 1613 largitioni

156 1617 626 1685 tribuniciaadversariosquaerebatur.
662 1624 726 1671 Cum
739 1622 907 1672 Camillocte·

156 1695 192 1746 ati
200 1695 294 1745 tribuni
305 1696 412 1747 militum
426 1696 548 1764 consulari
559 1696 686 1764 potestate,
704 1700 736 1746 L.
748 1699 836 1748 Furius
847 1701 906 1750 Me·

155 1769 263 1827 dultinus
280 1771 386 1836 sextum,
405 1776 435 1822 C.
454 1773 575 1836 AEmiliur,
586 1775 625 1822 L.
643 1773 756 1822 Valerius
768 1774 905 1838 Publicola,

157 1851 199 1914 sp.
218 1849 363 1913 Postumius,
381 1852 408 1901 P.
431 1850 560 1905 Corndiur
575 1852 675 1899 iterum.
709 1850 834 1917 Principio
845 1850 909 1901 anni

86 1938 88 1942 ·
157 1923 341 1990 tribuniplebis
360 1926 583 1992 nihil-moverunt,
599 1925 679 1976 donee
696 1926 734 1973 M.
750 1926 838 1976 Furius
857 1929 905 1979 Ca·

153 1999 238 2050 minus
250 2000 275 2048 in
288 2001 402 2063 Faliscos,
419 2003 460 2050 cui
477 2002 503 2053 id
511 2002 603 2051 bellum
611 1990 755 2051 mandatura
769 2012 829 2064 erat,
846 2016 905 2066 pro·

157 2074 317 2125 ficisceretura
335 2077 472 2128 differendo
480 2078 568 2128 deinde
582 2078 693 2140 elanguit
706 2092 760 2126 res:
778 2078 804 2126 dt
814 2077 907 2128 camit-

158 2147 193 2213 lo,
210 2166 283 2214 quem
301 2151 469 2204 adversarium
485 2154 594 2202 maxime
612 2152 763 2212 metuebant,
780 2152 860 2215 gloria
879 2153 908 2205 in

159 2223 259 2275 Faliscis
277 2227 364 2273 crevit.
400 2229 474 2288 Nam,
490 2241 567 2289 quum
581 2227 663 2291 primo
679 2225 801 2274 munibus
818 2227 843 2275 se
860 2229 907 2278 ho·

131 2343 134 2347 .
158 2295 203 2348 iles
216 2308 333 2359 tenerent,
350 2297 493 2347 tutiffimum
504 2299 530 2348 id
544 2300 599 2361 rati,
616 2299 778 2364 populatione
787 2315 907 2362 agrorum

159 2382 234 2438 atque
246 2373 364 2422 incendiis
382 2374 497 2422 villarum
513 2373 595 2437 coegit
611 2388 654 2424 eos
670 2373 753 2436 egredi
769 2375 847 2438 urbe;
864 2377 908 2430 sed

160 2447 237 2503 timor
249 2450 347 2514 longius
356 2449 472 2517 progredi
485 2451 621 2518 prohibuit.
650 2449 721 2500 Mille
731 2449 783 2501 fere
794 2455 907 2520 pall'uunr

160 2525 194 2581 ab
205 2526 299 2594 oppido
310 2527 385 2578 eastra
395 2528 478 2578 locant
488 2547 495 2590 ;
506 2528 578 2589 ¹nulla
590 2543 616 2578 re
629 2526 793 2579 attendentes
805 2546 833 2580 ea
850 2530 909 2583 satit

161 2612 217 2655 tuta
232 2602 286 2668 elle,
303 2611 378 2671 quam
391 2604 532 2655 difficultate
543 2603 631 2668 adittb,
648 2602 738 2671 asperis
747 2598 907 2671 confragols-

161 2696 210 2748 que
222 2683 295 2744 eirca,
312 2681 440 2748 &partim
453 2682 531 2744 aretis,
550 2682 640 2747 partim
651 2680 732 2732 arduis
741 2683 799 2742 viis,
817 2702 820 2713 ·
835 2687 908 2736 cete.

162 2764 219 2812 ttltn
231 2760 355 2824 Camillus,
373 2761 501 2827 captivum
516 2761 623 2810 indicem
634 2775 666 2811 ex
675 2761 745 2824 agris·
755 2760 850 2813 secutur
861 2761 907 2814 du·

163 2852 228 2900 cern,
246 2838 326 2888 eastris
340 2839 417 2889 multa
434 2839 505 2888 notie
521 2839 605 2900 motis,
622 2837 701 2904 prima
714 2838 769 2888 luce
779 2840 907 2906 aliquanto

165 2911 330 2980 superioribus
342 2917 403 2968 locis
414 2915 438 2966 se
449 2916 563 2966 ostendit.
589 2915 724 2965 Trifariam
736 2918 841 2987 Romani
851 2931 907 2984 mus

60 3024 64 3030 -
163 2991 276 3048 aiebant.
285 2995 346 3048 alius
357 2996 479 3048 exarnus
490 2993 695 3063 potentatus
705 2993 791 3050 stabat.
807 2995 848 3045 Ibi
858 2995 906 3052 iniq

822 3067 908 3140 ΜΝ
