1964 3660
393 231 561 285 LIBER
595 236 618 285 Ϊ.
848 259 883 308 45

132 312 234 362 cumulo
243 312 354 378 accenfis,
370 319 450 382 pergit
459 324 535 384 porro
546 321 571 369 in
583 337 669 385 agrurn
679 319 796 375 Sabinum
812 341 885 380 exer-

135 389 213 436 citum
223 389 350 439 inducere:
369 393 401 456 &,
413 390 553 460 quanquam
563 398 626 446 male
637 399 701 461 gesta
712 415 748 449 res
760 413 819 466 erat,
837 419 884 456 nec

135 463 243 526 gesturos
254 467 340 516 melius
351 467 445 533 sperare
456 480 576 535 poterant,
584 482 674 536 tamen,
684 475 742 538 quia
756 476 883 528 consulen-

51 562 57 583 t
135 537 161 586 di
176 553 212 586 res
229 553 279 588 non
294 541 368 590 dabat
383 541 495 608 spatium,
513 545 562 593 iere
577 545 682 595 'obviam
694 549 775 598 sabini
795 553 885 602 turnul-

54 660 56 665 ,
136 616 217 664 tuario
228 616 315 665 milite.
349 618 486 684 iterumque
506 620 540 669 ibi
550 620 610 686 lusi,
629 623 730 690 perditis
741 625 792 687 jam
804 643 884 697 prope

135 690 215 752 rebus,
234 707 318 758 pacem
332 696 432 760 petiere.
945 688 949 695 ¹

169 769 321 816 XXXVIII.
342 769 454 832 Collatia,
471 768 622 835 &quicquid
633 771 697 821 circa
710 774 839 828 Collatiam
854 790 883 828 a·
947 777 950 782 ’

135 841 173 904 gri
185 851 245 904 erat,
257 844 351 893 Sabinis
362 845 514 911 ademptum.
549 847 650 907 Egerius
668 847 757 906 (fratris
764 850 808 911 ‚hic
819 852 883 904 filius

135 927 188 964 erat
196 919 267 984 regis)
281 920 390 970 Collatiae
398 921 424 968 In
433 919 543 986 praetidio
551 919 653 968 reticius.
672 921 814 989 deditosque
824 928 881 976 Col.
963 923 977 978 s

135 990 223 1040 latinos
242 993 276 1040 ita
293 994 396 1059 accipio,
413 1008 517 1058 eamque
532 993 662 1042 deditionis
679 994 810 1046 formulam
825 998 881 1050 elle.

136 1068 191 1114 Rex
202 1068 377 1133 interrogavit:
390 1070 474 1134 Est'fiie
485 1085 524 1117 vos
535 1069 601 1134 legati
609 1071 747 1135 oratoresque,
755 1072 810 1136 miffl
819 1075 836 1120 ei
842 1083 883 1138 po·

132 1141 183 1204 pulo
196 1142 304 1207 Collatino,
320 1152 344 1194 ut
354 1160 394 1194 vos
406 1144 548 1210 populumque
560 1143 686 1205 Collatinum
696 1145 821 1194 dederetis?
843 1150 883 1196 Su.

134 1230 189 1263 enus.
224 1217 291 1279 Estne
299 1221 387 1284 populus
400 1219 513 1268 Collatinus
524 1219 547 1267 iu
551 1220 593 1284 fita
606 1217 731 1283 potestate?
753 1219 804 1282 Est.
830 1222 881 1271 De·

59 1300 62 1306 ·
133 1287 209 1354 ditism
219 1307 266 1353 vos,
273 1295 413 1361 populumque
424 1294 557 1355 Collatinum,
568 1293 648 1356 urbem,
657 1309 728 1360 agros,
740 1311 824 1360 equom,
836 1305 881 1346 ter.
942 1293 948 1303 “

134 1363 209 1425 minos,
229 1365 320 1429 delubra,
338 1369 440 1432 uteufiliu,
457 1369 532 1416 divino
544 1366 674 1432 humanoque
686 1369 764 1430 omnia,
777 1371 799 1418 iu
809 1385 882 1420 meam

131 1436 245 1502 populique
253 1441 344 1490 liomeui
354 1442 474 1491 ditionem?
490 1441 607 1489 Dedimus.
624 1442 661 1488 At
669 1457 706 1506 ego
716 1443 805 1507 recipio.
826 1444 882 1492 Bel-

134 1508 160 1557 lo
177 1513 265 1563 Sabino
282 1516 397 1581 perfeilo,
424 1516 577 1581 Tarquinius
601 1515 753 1582 triumphans
773 1519 880 1568 Romam
948 1541 959 1560 ν

132 1585 213 1635 rediit.
239 1590 294 1639 inde
309 1592 391 1658 priscis
402 1593 496 1641 Latinis
507 1588 598 1639 bellum
610 1591 677 1639 fecit.
703 1593 746 1640 ubi
755 1592 879 1658 ,nusquam

133 1660 165 1709 ad
176 1664 295 1715 uniueriae
314 1670 349 1717 rei
366 1669 550 1722 dimicationem
565 1677 669 1714 ventum
681 1668 721 1729 est,
738 1668 769 1717 ad
789 1667 881 1733 singula
945 1696 951 1707 ·

132 1738 223 1804 oppida
232 1743 427 1794 circumferendo
438 1759 513 1806 arma,
525 1758 598 1793 omne
607 1759 697 1793 nornen
704 1745 821 1792 Latinum
831 1743 878 1794 do·

133 1817 203 1863 muit.
237 1819 403 1884 Corniculum,
425 1820 523 1868 Ficulea
536 1829 616 1880 vetus,
633 1820 754 1880 Cameria,
780 1818 878 1868 Crustu·
949 1829 956 1840 ⁴

131 1891 244 1951 merium,
261 1893 394 1954 Ameriola,
406 1892 532 1955 Medullia,
544 1893 769 1953 Nomentum-haec
780 1891 809 1939 de
824 1895 878 1958 pri-

131 1961 176 2010 scis
185 1965 337 2022 Latinis,aut
345 1966 387 2027 qui
396 1964 427 2013 ad
436 1966 537 2012 Latinos
545 1963 768 2028 deiecerant,capta
778 1964 878 2029 oppido.
976 2020 979 2031 ,

131 2039 184 2086 Pax
196 2037 283 2086 deinde
297 2039 328 2087 eli
340 2037 411 2088 faeta.
447 2038 544 2100 Majore
560 2037 616 2086 inde
627 2039 713 2086 animo
728 2038 794 2103 pacis
805 2053 881 2104 opera

132 2113 255 2178 inchoata,
265 2121 338 2180 quum
352 2116 443 2181 quantu
452 2115 517 2186 mole
526 2112 626 2179 gesserat
636 2112 699 2163 bella
708 2130 718 2161 e¹
731 2123 760 2161 ut
770 2128 820 2163 non
828 2115 880 2180 qui·

131 2193 195 2241 etior
207 2194 312 2258 populus
323 2192 392 2242 domi
406 2192 556 2263 &linquam
564 2187 658 2258 militiae
666 2189 755 2240 fuiffet.
779 2193 844 2242 Nam
852 2190 879 2246 δε

129 2282 202 2319 muro
214 2269 317 2335 lapideo,
336 2269 405 2332 cujus
416 2269 546 2319 exordium
557 2269 638 2335 operis
649 2267 738 2317 Sabino
748 2267 814 2318 bello
825 2279 877 2327 tur·
955 2316 960 2330 ‚

131 2345 217 2394 batum
239 2357 298 2408 erat,
312 2348 408 2408 urbem,
433 2346 482 2411 qud
497 2344 608 2395 nondum
629 2344 758 2407 munierat,
776 2345 878 2409 cingere

132 2432 214 2487 parat:
233 2422 258 2471 8<
272 2422 355 2472 infima
368 2423 435 2473 urbis
445 2424 500 2473 loca
510 2424 574 2472 circa
584 2420 667 2472 sorum
683 2420 789 2485 aliasque
801 2422 876 2471 inter·

130 2495 204 2561 jeiias
214 2497 315 2548 collibus
323 2500 453 2563 convalles,
464 2499 522 2564 quia
533 2512 565 2547 ex
573 2498 650 2564 planis
659 2497 718 2545 loeis
730 2494 795 2544 haud
806 2494 878 2545 facile
947 2542 955 2553 „

132 2574 270 2623 evehebant
286 2589 368 2645 aquae,
391 2576 479 2627 cloacis
490 2580 503 2624 ἐ
514 2577 610 2639 fastigio
627 2575 652 2622 in
667 2574 782 2622 Tiberim
801 2571 879 2623 duilio

112 2698 114 2707 ,
131 2648 217 2699 siccat:
235 2651 260 2698 &
268 2667 349 2700 aream
359 2649 390 2701 a‘d
401 2653 477 2703 aedem
486 2653 511 2700 in
522 2650 646 2716 Capitolio
659 2649 738 2712 Jovis,
750 2661 824 2710 quarn
833 2660 879 2695 vo-

131 2738 202 2777 verat
222 2729 287 2781 bello
306 2729 403 2790 Sabino,
421 2729 473 2792 jam
492 2728 648 2797 praesagiente
664 2726 749 2772 animo
768 2723 877 2775 suturam

129 2802 192 2852 olim
207 2804 460 2871 amplitudinemloci,
472 2813 577 2870 occupat
587 2799 761 2850 fundamentis.

165 2882 289 2930 XXXIX.
308 2882 346 2927 Eo
365 2888 476 2941 tempore
495 2879 521 2924 in
536 2877 603 2939 regia
622 2871 763 2939 prodigium
777 2870 834 2920 visu
849 2884 875 2922 e·

131 2963 258 3024 ventoque
270 2953 381 3006 nutabile
395 2951 452 3004 suit.
485 2952 565 3005 Puero
579 2948 719 3017 dormienti
735 2949 776 3001 cui
789 2949 877 3074 Seqqqo

787 3028 814 3077 Τ
849 3023 876 3077 'o
