1964 3660
315 215 482 266 erana
515 214 573 264 rr.¹
765 214 814 272 265

69 305 140 356 blica
151 303 205 368 else,
223 304 246 353 ei
264 303 288 352 se
305 302 473 354 intercessuros
493 302 629 352 ollendrmt.
665 301 759 352 Gratia
776 301 815 352 iri·
902 300 909 319 ⁸

70 381 239 432 tercelsoribus
249 381 282 431 ab
293 381 379 430 senatu
388 380 454 430 asle.
478 382 581 429 Latores
593 379 737 444 rogationis,
754 396 815 431 con·

70 458 144 508 cione
164 457 295 520 advocati,
320 456 459 524 proditores
479 455 556 521 plebis
574 453 763 505 commodorum
786 472 817 507 ae

71 531 156 584 servos
167 534 331 586 consularium
341 529 498 601 appellantes,
515 533 611 598 aliique
625 534 688 583 truci
703 536 818 586 oratione

71 613 97 661 in
108 612 215 677 collegas
226 611 326 674 intelli,
343 610 464 660 allioncm
477 608 621 676 deposuere·
659 632 662 637 ·

104 689 201 737 XLIX.
219 690 277 736 Duo
288 685 379 736 affidua
390 684 454 734 bella
464 683 592 750 insequens
600 700 677 735 annus
688 679 817 750 habuisset,

48 819 53 829 ,
71 777 123 828 quo
132 765 159 826 B.
171 763 301 812 Cornelius
314 759 446 824 Collinas}⁵
456 761 568 809 Valerius
580 763 685 824 Potitus,-
694 766 726 826 (ζ.
737 764 817 826 Quin-

72 839 133 890 ttius
148 840 319 901 cincinnatus,
337 841 371 888 N.
384 837 474 886 Fabius
487 838 632 900 Vibulanus,
649 840 742 890 tribuni
752 841 819 889 mili·

72 927 125 967 tum
136 916 388 982 consularipotellate
398 913 514 976 suerunt;
531 915 558 964 ni
576 917 666 978 Vejens
677 917 769 965 bellum
780 933 818 966 re·

72 995 133 1060 ligio
147 995 286 1062 principum
298 990 430 1054 distulisset,
447 1006 554 1057 quorum
571 1006 643 1055 agros
653 993 760 1057 Tiberis,
779 993 818 1043 su·

72 1084 117 1137 per
125 1071 189 1135 ripae
200 1069 299 1132 effusus,
315 1069 424 1118 mraxime
434 1069 512 1123 ruinis
523 1069 638 1118 villarum
648 1069 764 1119 vastavit.
783 1071 826 1119 si.·

72 1147 126 1198 mul
135 1149 229 1213 AEquos
239 1146 346 1196 triennio
357 1148 413 1195 ante
424 1154 525 1211 accepta
536 1145 615 1195 clades
624 1146 755 1212 prohibuit
770 1148 820 1200 Boss

73 1223 144 1285 lanis,
159 1223 208 1273 suae
219 1224 298 1287 gentis
315 1223 416 1289 populo,
433 1220 570 1289 praesidium
580 1222 652 1272 serre.
688 1224 820 1275 Excurlio·

73 1314 116 1351 nea
133 1297 189 1348 inde
206 1298 233 1348 in
251 1297 374 1348 confinem
392 1313 479 1362 agrum
490 1298 647 1349 Lavicannm
658 1296 726 1349 fattae
742 1311 821 1366 erant,

74 1375 195 1441 novisque
212 1368 306 1426 colonis
322 1376 417 1426 bellum
431 1376 535 1426 illatum.
553 1391 628 1440 quam
638 1391 732 1427 noxam
742 1393 822 1442 quum

73 1452 99 1503 fe
115 1452 232 1505 consensu
249 1454 361 1503 omnium
372 1455 511 1520 AEqunrum
530 1452 671 1503 defensuros
683 1451 822 1520 sperdss‘ent,

73 1529 161 1583 deserti
171 1530 203 1580 ab
214 1527 273 1594 suis,
288 1545 320 1580 ne
336 1529 493 1581 memorabili
509 1528 608 1594 quidem
618 1530 692 1593 bello,
713 1546 757 1596 per
773 1530 822 1581 nb·

73 1610 191 1663 fidionem
208 1609 339 1672 levemque
353 1596 428 1657 una‘m
438 1622 546 1674 pugnam
555 1607 580 1655 δε
589 1606 709 1673 oppidum
718 1609 750 1658 ἃ·
760 1607 821 1660 finer

73 1686 185 1738 amisere.
220 1689 360 1735 Tentatum
377 1683 408 1732 ab
423 1683 454 1736 L·
468 1680 553 1737 Sentio
570 1681 673 1738 tribuno
691 1681 776 1747 plebis,
791 1691 824 1732 ut

73 1766 229 1829 rogationem
244 1760 328 1823 serret,
344 1760 393 1826 qui
412 1759 484 1808 Bolas
502 1771 610 1822 quoque,
627 1756 688 1807 ficut
703 1759 823 1822 Laricos,

75 1842 159 1891 coloni
189 1841 354 1906 mitterentur,
380 1848 423 1900 pet
443 1833 637 1884 intercessionem
661 1834 823 1901 collegarum,

74 1917 118 1983 qui
138 1914 233 1963 nullrun
251 1911 415 1980 plebiscitum,
439 1909 483 1959 nisi
503 1922 537 1958 ex
555 1906 699 1959 austeritate
716 1910 823 1974 senatus,

76 1991 183 2061 passuros
195 1990 219 2040 se
234 1987 335 2058 perferri
352 1985 517 2050 ostenderunt,
533 1982 721 2036 discussum-eil.
755 1988 824 2040 Bolis

74 2070 217 2137 insequente
232 2083 299 2118 anno
316 2065 427 2140 recpptir,
444 2064 529 2130 AEqui,
545 2062 693 2129 coloniaque
704 2067 734 2114 eo
744 2063 823 2116 dedu-

76 2150 123 2213 aa·
139 2147 213 2198 novis
229 2144 323 2197 viribus
340 2143 459 2212 oppidum
477 2140 615 2204 firment,
632 2141 737 2194 tribunis
755 2142 824 2196 mili·

45 2282 47 2287 ,
75 2219 489 2288 tumRomaeeonsuiaripoteslate
499 2219 546 2271 Ca.
560 2219 676 2272 Cornelio
689 2221 771 2286 Cosso,
787 2222 823 2273 L.
885 2270 895 2284 „

76 2303 179 2354 valerio
190 2301 283 2364 Potito,
301 2301 336 2364 Q.
348 2297 669 2363 sabiovibulanoitetunr,
685 2300 724 2349 M.
739 2297 823 2361 Pollu·

75 2381 129 2432 mio
139 2377 277 2444 Regillensi.
312 2378 378 2428 Huic
388 2377 480 2437 bellum
491 2375 606 2427 adversus
615 2377 708 2442 AEquos
718 2375 822 2444 permis·

76 2457 131 2509 sum
147 2455 187 2519 cst,
203 2470 294 2522 pravae·
303 2457 392 2504 mentis
402 2455 515 2514 homini;
532 2467 608 2519 quam
620 2463 703 2503 tamen
716 2453 823 2505 villoria

63 2531 163 2596 magis,
180 2535 254 2595 quam
270 2529 370 2593 bellum,
387 2528 499 2580 ostendit.
534 2530 607 2594 Nam,
624 2529 736 2579 exercitu
747 2529 823 2597 impi-

76 2625 119 2676 gre
133 2608 224 2674 scripte
241 2605 364 2672 (iustoque
380 2606 411 2657 ad
429 2607 507 2669 Bolas,
524 2621 601 2672 quum
616 2607 714 2659 levibus
730 2605 825 2675 proeliic

76 2688 216 2750 AEquorum
232 2684 328 2734 animos
344 2680 459 2748 fregisset,
477 2681 599 2750 postremo
613 2682 640 2734 in
655 2682 776 2750 oppidum
787 2683 822 2732 ir-

76 2762 153 2830 rupit.
176 2757 265 2810 deinde
281 2760 313 2809 ab
332 2758 441 2813 hostibus
457 2761 484 2808 in
499 2760 566 2810 cives
587 2771 709 2833 certamen
728 2759 824 2815 vertite
886 2778 894 2785 ”

78 2840 113 2904 ἃ,
130 2852 207 2905 quum
221 2837 286 2887 inter
296 2838 508 2906 oppugnationem
519 2835 626 2904 praedam
635 2836 719 2888 militis
730 2834 784 2886 sore
796 2853 824 2887 e-

77 2915 185 2982 dixisset,
201 2925 276 2984 capto
296 2916 398 2985 oppido,
414 2915 491 2969 fidem
506 2914 624 2966 mutavit.
659 2917 728 2980 Eam,
743 2917 825 2982 magie

79 2995 197 3066 adducor,
212 3004 241 3051 ut
252 2994 399 3065 credamlira
408 2993 508 3055 eausam
522 2993 644 3057 extremi
654 2992 731 3064 fure,
747 2999 827 3062 quine

103 3117 116 3125 ..
425 3075 457 3132 M
755 3072 823 3142 quod
