<?xml version="1.0" encoding="UTF-8"?>
<!DOCTYPE html PUBLIC "-//W3C//DTD XHTML 1.0 Transitional//EN"
    "http://www.w3.org/TR/xhtml1/DTD/xhtml1-transitional.dtd">
<html xmlns="http://www.w3.org/1999/xhtml" xml:lang="en" lang="en">
 <head>
  <title>
</title>
<meta http-equiv="Content-Type" content="text/html;charset=utf-8" />
  <meta name='ocr-system' content='tesseract 3.04.00' />
  <meta name='ocr-capabilities' content='ocr_page ocr_carea ocr_par ocr_line ocrx_word'/>
</head>
<body>
  <div class='ocr_page' id='page_1' title='image "./titiliviipatavi00livygoog_0331.png"; bbox 0 0 1964 3660; ppageno 0'>
   <div class='ocr_carea' id='block_1_1' title="bbox 138 191 969 3119">
    <p class='ocr_par' dir='ltr' id='par_1_1' title="bbox 147 191 969 654">
     <span class='ocr_line' id='line_1_1' title="bbox 150 191 642 249; baseline 0.004 -9"><span class='ocrx_word' id='word_1_1' title='bbox 150 200 201 249; x_wconf 72' lang='lat'>320</span> <span class='ocrx_word' id='word_1_2' title='bbox 396 218 398 226; x_wconf 41' lang='lat' dir='ltr'><strong><em>s</em></strong></span> <span class='ocrx_word' id='word_1_3' title='bbox 417 191 454 243; x_wconf 84' lang='grc' dir='ltr'>Τ.</span> <span class='ocrx_word' id='word_1_4' title='bbox 488 193 583 244; x_wconf 86' lang='lat' dir='ltr'>LIV</span> <span class='ocrx_word' id='word_1_5' title='bbox 599 194 642 243; x_wconf 91' lang='lat'>11</span> 
     </span>
     <span class='ocr_line' id='line_1_2' title="bbox 155 281 901 351; baseline 0.007 -22"><span class='ocrx_word' id='word_1_6' title='bbox 155 281 239 330; x_wconf 82' lang='lat' dir='ltr'>testate</span> <span class='ocrx_word' id='word_1_7' title='bbox 250 282 276 330; x_wconf 93' lang='lat' dir='ltr'>in</span> <span class='ocrx_word' id='word_1_8' title='bbox 287 282 453 347; x_wconf 77' lang='lat' dir='ltr'>insequentem</span> <span class='ocrx_word' id='word_1_9' title='bbox 464 299 556 333; x_wconf 88' lang='lat' dir='ltr'>annum</span> <span class='ocrx_word' id='word_1_10' title='bbox 568 292 718 333; x_wconf 86' lang='lat' dir='ltr'>crearentur.</span> <span class='ocrx_word' id='word_1_11' title='bbox 754 285 814 348; x_wconf 85' lang='lat' dir='ltr'>Quo</span> <span class='ocrx_word' id='word_1_12' title='bbox 826 283 901 351; x_wconf 68' lang='lat' dir='ltr'>sado,</span> 
     </span>
     <span class='ocr_line' id='line_1_3' title="bbox 147 356 914 426; baseline 0.001 -16"><span class='ocrx_word' id='word_1_13' title='bbox 147 356 222 410; x_wconf 74' lang='lat' dir='ltr'>³naud</span> <span class='ocrx_word' id='word_1_14' title='bbox 242 359 308 409; x_wconf 90' lang='lat' dir='ltr'>secus</span> <span class='ocrx_word' id='word_1_15' title='bbox 327 368 400 426; x_wconf 78' lang='lat' dir='ltr'>quam</span> <span class='ocrx_word' id='word_1_16' title='bbox 419 360 698 425; x_wconf 85' lang='lat' dir='ltr'>dIgnumerat,insens1</span> <span class='ocrx_word' id='word_1_17' title='bbox 718 361 791 424; x_wconf 82' lang='lat' dir='ltr'>Galli,</span> <span class='ocrx_word' id='word_1_18' title='bbox 809 362 914 411; x_wconf 79' lang='lat' dir='ltr'>beilum</span> 
     </span>
     <span class='ocr_line' id='line_1_4' title="bbox 155 437 900 502; baseline 0.007 -19"><span class='ocrx_word' id='word_1_19' title='bbox 155 437 284 502; x_wconf 83' lang='lat' dir='ltr'>propalam</span> <span class='ocrx_word' id='word_1_20' title='bbox 296 439 423 501; x_wconf 83' lang='lat' dir='ltr'>minantes,</span> <span class='ocrx_word' id='word_1_21' title='bbox 440 438 472 488; x_wconf 87' lang='lat' dir='ltr'>ad</span> <span class='ocrx_word' id='word_1_22' title='bbox 492 438 547 489; x_wconf 85' lang='lat' dir='ltr'>suos</span> <span class='ocrx_word' id='word_1_23' title='bbox 566 439 678 488; x_wconf 89' lang='lat' dir='ltr'>redeunt.</span> <span class='ocrx_word' id='word_1_24' title='bbox 714 439 823 489; x_wconf 85' lang='lat' dir='ltr'>Tribuni</span> <span class='ocrx_word' id='word_1_25' title='bbox 834 440 900 488; x_wconf 93' lang='lat' dir='ltr'>mili-</span> 
     </span>
     <span class='ocr_line' id='line_1_5' title="bbox 154 515 902 582; baseline 0.007 -22"><span class='ocrx_word' id='word_1_26' title='bbox 154 522 210 560; x_wconf 91' lang='lat' dir='ltr'>tum</span> <span class='ocrx_word' id='word_1_27' title='bbox 222 529 278 561; x_wconf 91' lang='lat' dir='ltr'>cum</span> <span class='ocrx_word' id='word_1_28' title='bbox 290 515 367 566; x_wconf 84' lang='lat' dir='ltr'>tribus</span> <span class='ocrx_word' id='word_1_29' title='bbox 378 515 460 564; x_wconf 85' lang='lat' dir='ltr'>Fabiis</span> <span class='ocrx_word' id='word_1_30' title='bbox 474 516 548 565; x_wconf 86' lang='lat' dir='ltr'>creati</span> <span class='ocrx_word' id='word_1_31' title='bbox 561 518 595 578; x_wconf 84' lang='lat' dir='ltr'>Q.</span> <span class='ocrx_word' id='word_1_32' title='bbox 607 515 727 582; x_wconf 87' lang='lat' dir='ltr'>Sulpicius</span> <span class='ocrx_word' id='word_1_33' title='bbox 736 519 846 580; x_wconf 86' lang='lat' dir='ltr'>Longus,</span> <span class='ocrx_word' id='word_1_34' title='bbox 865 519 902 580; x_wconf 74' lang='lat' dir='ltr'>Q.</span> 
     </span>
     <span class='ocr_line' id='line_1_6' title="bbox 155 588 969 654; baseline 0 -16"><span class='ocrx_word' id='word_1_35' title='bbox 155 588 403 654; x_wconf 77' lang='lat' dir='ltr'>Serviliusquarttlm,</span> <span class='ocrx_word' id='word_1_36' title='bbox 421 595 470 639; x_wconf 86' lang='lat' dir='ltr'>Ser.</span> <span class='ocrx_word' id='word_1_37' title='bbox 486 590 612 640; x_wconf 89' lang='lat' dir='ltr'>Cornelius</span> <span class='ocrx_word' id='word_1_38' title='bbox 624 589 813 654; x_wconf 69' lang='lat' dir='ltr'>Maluginense·</span> <span class='ocrx_word' id='word_1_39' title='bbox 850 612 853 619; x_wconf 59' lang='lat'><strong><em>¹</em></strong></span> <span class='ocrx_word' id='word_1_40' title='bbox 966 594 969 601; x_wconf 88' lang='lat'>&#39;</span> 
     </span>
    </p>

    <p class='ocr_par' dir='ltr' id='par_1_2' title="bbox 138 663 902 2974">
     <span class='ocr_line' id='line_1_7' title="bbox 188 663 901 730; baseline 0.003 -17"><span class='ocrx_word' id='word_1_41' title='bbox 188 667 327 714; x_wconf 87' lang='lat' dir='ltr'>XXXVII.</span> <span class='ocrx_word' id='word_1_42' title='bbox 347 670 431 730; x_wconf 79' lang='lat' dir='ltr'>Quum</span> <span class='ocrx_word' id='word_1_43' title='bbox 449 677 516 715; x_wconf 86' lang='lat' dir='ltr'>tanta</span> <span class='ocrx_word' id='word_1_44' title='bbox 531 667 608 715; x_wconf 88' lang='lat' dir='ltr'>moles</span> <span class='ocrx_word' id='word_1_45' title='bbox 627 667 684 714; x_wconf 86' lang='lat' dir='ltr'>mali</span> <span class='ocrx_word' id='word_1_46' title='bbox 704 667 809 729; x_wconf 84' lang='lat' dir='ltr'>iusiaret,</span> <span class='ocrx_word' id='word_1_47' title='bbox 826 663 901 727; x_wconf 86' lang='lat' dir='ltr'>(adeo</span> 
     </span>
     <span class='ocr_line' id='line_1_8' title="bbox 147 740 901 807; baseline -0.004 -13"><span class='ocrx_word' id='word_1_48' title='bbox 147 753 261 794; x_wconf 79' lang='lat' dir='ltr'>‘occaecat</span> <span class='ocrx_word' id='word_1_49' title='bbox 271 745 365 792; x_wconf 87' lang='lat' dir='ltr'>animos</span> <span class='ocrx_word' id='word_1_50' title='bbox 376 743 485 805; x_wconf 87' lang='lat' dir='ltr'>fortuna,</span> <span class='ocrx_word' id='word_1_51' title='bbox 495 744 539 792; x_wconf 90' lang='lat' dir='ltr'>ubi</span> <span class='ocrx_word' id='word_1_52' title='bbox 551 743 604 791; x_wconf 80' lang='lat' dir='ltr'>va</span> <span class='ocrx_word' id='word_1_53' title='bbox 616 740 683 790; x_wconf 90' lang='lat' dir='ltr'>suam</span> <span class='ocrx_word' id='word_1_54' title='bbox 696 743 850 807; x_wconf 81' lang='lat' dir='ltr'>ingruentem</span> <span class='ocrx_word' id='word_1_55' title='bbox 863 757 901 791; x_wconf 88' lang='lat' dir='ltr'>re-</span> 
     </span>
     <span class='ocr_line' id='line_1_9' title="bbox 155 817 902 884; baseline 0.003 -18"><span class='ocrx_word' id='word_1_56' title='bbox 155 818 230 882; x_wconf 77' lang='lat' dir='ltr'>fringi</span> <span class='ocrx_word' id='word_1_57' title='bbox 245 835 296 868; x_wconf 90' lang='lat' dir='ltr'>non</span> <span class='ocrx_word' id='word_1_58' title='bbox 314 821 378 882; x_wconf 91' lang='lat' dir='ltr'>vult)</span> <span class='ocrx_word' id='word_1_59' title='bbox 396 820 492 882; x_wconf 85' lang='lat' dir='ltr'>civitas,</span> <span class='ocrx_word' id='word_1_60' title='bbox 510 833 564 884; x_wconf 75' lang='lat' dir='ltr'>qua</span> <span class='ocrx_word' id='word_1_61' title='bbox 579 817 693 867; x_wconf 87' lang='lat' dir='ltr'>adversus</span> <span class='ocrx_word' id='word_1_62' title='bbox 711 819 854 868; x_wconf 82' lang='lat' dir='ltr'>Fidenatem</span> <span class='ocrx_word' id='word_1_63' title='bbox 872 833 902 868; x_wconf 81' lang='lat' dir='ltr'>ae</span> 
     </span>
     <span class='ocr_line' id='line_1_10' title="bbox 154 894 901 962; baseline -0.001 -17"><span class='ocrx_word' id='word_1_64' title='bbox 154 896 285 958; x_wconf 86' lang='lat' dir='ltr'>Vejentem</span> <span class='ocrx_word' id='word_1_65' title='bbox 302 896 395 945; x_wconf 87' lang='lat' dir='ltr'>hostem</span> <span class='ocrx_word' id='word_1_66' title='bbox 415 895 524 961; x_wconf 87' lang='lat' dir='ltr'>aliosque</span> <span class='ocrx_word' id='word_1_67' title='bbox 543 894 660 944; x_wconf 85' lang='lat' dir='ltr'>finitimos</span> <span class='ocrx_word' id='word_1_68' title='bbox 680 898 796 962; x_wconf 82' lang='lat' dir='ltr'>populos,</span> <span class='ocrx_word' id='word_1_69' title='bbox 812 896 901 944; x_wconf 80' lang='lat' dir='ltr'>ultirna</span> 
     </span>
     <span class='ocr_line' id='line_1_11' title="bbox 153 971 899 1039; baseline -0.001 -18"><span class='ocrx_word' id='word_1_70' title='bbox 153 974 282 1039; x_wconf 83' lang='lat' dir='ltr'>experiens</span> <span class='ocrx_word' id='word_1_71' title='bbox 293 974 393 1037; x_wconf 75' lang='lat' dir='ltr'>auxilia,</span> <span class='ocrx_word' id='word_1_72' title='bbox 410 972 552 1022; x_wconf 70' lang='lat' dir='ltr'>distatorem</span> <span class='ocrx_word' id='word_1_73' title='bbox 569 973 660 1021; x_wconf 86' lang='lat' dir='ltr'>multis·</span> <span class='ocrx_word' id='word_1_74' title='bbox 669 971 851 1039; x_wconf 80' lang='lat' dir='ltr'>tempestatibus</span> <span class='ocrx_word' id='word_1_75' title='bbox 862 971 899 1020; x_wconf 90' lang='lat' dir='ltr'>di·</span> 
     </span>
     <span class='ocr_line' id='line_1_12' title="bbox 152 1050 899 1117; baseline -0.001 -15"><span class='ocrx_word' id='word_1_76' title='bbox 152 1050 226 1104; x_wconf 79' lang='lat' dir='ltr'>1islet</span> <span class='ocrx_word' id='word_1_77' title='bbox 232 1071 239 1112; x_wconf 90' lang='lat'>;</span> <span class='ocrx_word' id='word_1_78' title='bbox 256 1067 285 1101; x_wconf 88' lang='lat' dir='ltr'>ea</span> <span class='ocrx_word' id='word_1_79' title='bbox 303 1062 371 1116; x_wconf 91' lang='lat' dir='ltr'>tunc,</span> <span class='ocrx_word' id='word_1_80' title='bbox 388 1052 514 1103; x_wconf 81' lang='lat' dir='ltr'>invisitato</span> <span class='ocrx_word' id='word_1_81' title='bbox 526 1062 599 1117; x_wconf 88' lang='lat' dir='ltr'>atque</span> <span class='ocrx_word' id='word_1_82' title='bbox 617 1051 729 1101; x_wconf 86' lang='lat' dir='ltr'>inaudito</span> <span class='ocrx_word' id='word_1_83' title='bbox 740 1051 807 1101; x_wconf 85' lang='lat' dir='ltr'>holle</span> <span class='ocrx_word' id='word_1_84' title='bbox 822 1052 854 1100; x_wconf 87' lang='lat' dir='ltr'>ab</span> <span class='ocrx_word' id='word_1_85' title='bbox 869 1067 899 1101; x_wconf 90' lang='lat' dir='ltr'>o·</span> 
     </span>
     <span class='ocr_line' id='line_1_13' title="bbox 154 1127 899 1193; baseline 0 -16"><span class='ocrx_word' id='word_1_86' title='bbox 154 1143 232 1178; x_wconf 86' lang='lat' dir='ltr'>ceano</span> <span class='ocrx_word' id='word_1_87' title='bbox 244 1139 412 1193; x_wconf 86' lang='lat' dir='ltr'>terrarumque</span> <span class='ocrx_word' id='word_1_88' title='bbox 422 1128 514 1178; x_wconf 83' lang='lat' dir='ltr'>ultimis</span> <span class='ocrx_word' id='word_1_89' title='bbox 526 1129 575 1177; x_wconf 89' lang='lat' dir='ltr'>oris</span> <span class='ocrx_word' id='word_1_90' title='bbox 586 1127 677 1177; x_wconf 89' lang='lat' dir='ltr'>bellum</span> <span class='ocrx_word' id='word_1_91' title='bbox 686 1129 773 1192; x_wconf 86' lang='lat' dir='ltr'>ciente,</span> <span class='ocrx_word' id='word_1_92' title='bbox 784 1127 846 1179; x_wconf 87' lang='lat' dir='ltr'>nihil</span> <span class='ocrx_word' id='word_1_93' title='bbox 854 1141 899 1177; x_wconf 73' lang='lat' dir='ltr'>ex·</span> 
     </span>
     <span class='ocr_line' id='line_1_14' title="bbox 153 1205 901 1271; baseline -0.003 -16"><span class='ocrx_word' id='word_1_94' title='bbox 153 1205 312 1256; x_wconf 83' lang='lat' dir='ltr'>traordinarii</span> <span class='ocrx_word' id='word_1_95' title='bbox 334 1207 430 1271; x_wconf 89' lang='lat' dir='ltr'>imperii</span> <span class='ocrx_word' id='word_1_96' title='bbox 449 1216 492 1255; x_wconf 86' lang='lat' dir='ltr'>aut</span> <span class='ocrx_word' id='word_1_97' title='bbox 514 1206 602 1254; x_wconf 83' lang='lat' dir='ltr'>auxilii</span> <span class='ocrx_word' id='word_1_98' title='bbox 627 1205 747 1271; x_wconf 59' lang='lat' dir='ltr'>quaesivit.</span> <span class='ocrx_word' id='word_1_99' title='bbox 781 1205 901 1268; x_wconf 79' lang='lat' dir='ltr'>Tribuni,</span> 
     </span>
     <span class='ocr_line' id='line_1_15' title="bbox 152 1280 900 1355; baseline 0.003 -25"><span class='ocrx_word' id='word_1_100' title='bbox 152 1297 261 1355; x_wconf 82' lang='lat' dir='ltr'>quorum</span> <span class='ocrx_word' id='word_1_101' title='bbox 277 1283 415 1331; x_wconf 84' lang='lat' dir='ltr'>temeritate</span> <span class='ocrx_word' id='word_1_102' title='bbox 432 1282 525 1331; x_wconf 90' lang='lat' dir='ltr'>bellum</span> <span class='ocrx_word' id='word_1_103' title='bbox 542 1280 695 1332; x_wconf 83' lang='lat' dir='ltr'>contraslum</span> <span class='ocrx_word' id='word_1_104' title='bbox 714 1292 774 1346; x_wconf 89' lang='lat' dir='ltr'>erat,</span> <span class='ocrx_word' id='word_1_105' title='bbox 798 1283 900 1332; x_wconf 75' lang='lat' dir='ltr'>summae</span> 
     </span>
     <span class='ocr_line' id='line_1_16' title="bbox 153 1357 899 1424; baseline -0.004 -14"><span class='ocrx_word' id='word_1_106' title='bbox 153 1374 235 1410; x_wconf 80' lang='lat' dir='ltr'>rerum</span> <span class='ocrx_word' id='word_1_107' title='bbox 256 1370 395 1424; x_wconf 71' lang='lat' dir='ltr'>praeerant:</span> <span class='ocrx_word' id='word_1_108' title='bbox 425 1357 591 1423; x_wconf 78' lang='lat' dir='ltr'>delcsiumque</span> <span class='ocrx_word' id='word_1_109' title='bbox 612 1359 692 1408; x_wconf 89' lang='lat' dir='ltr'>nihilo</span> <span class='ocrx_word' id='word_1_110' title='bbox 711 1359 899 1422; x_wconf 87' lang='lat' dir='ltr'>accuratiorem,</span> 
     </span>
     <span class='ocr_line' id='line_1_17' title="bbox 144 1434 901 1502; baseline 0.004 -20"><span class='ocrx_word' id='word_1_111' title='bbox 144 1440 228 1502; x_wconf 79' lang='lat' dir='ltr'>quam</span> <span class='ocrx_word' id='word_1_112' title='bbox 242 1435 275 1485; x_wconf 87' lang='lat' dir='ltr'>ad</span> <span class='ocrx_word' id='word_1_113' title='bbox 290 1434 371 1484; x_wconf 90' lang='lat' dir='ltr'>media</span> <span class='ocrx_word' id='word_1_114' title='bbox 382 1434 445 1484; x_wconf 87' lang='lat' dir='ltr'>bella</span> <span class='ocrx_word' id='word_1_115' title='bbox 462 1434 548 1484; x_wconf 88' lang='lat' dir='ltr'>haberi</span> <span class='ocrx_word' id='word_1_116' title='bbox 556 1434 640 1486; x_wconf 84' lang='lat' dir='ltr'>solitus</span> <span class='ocrx_word' id='word_1_117' title='bbox 652 1447 712 1500; x_wconf 85' lang='lat' dir='ltr'>erat,</span> <span class='ocrx_word' id='word_1_118' title='bbox 729 1437 901 1498; x_wconf 79' lang='lat' dir='ltr'>(extenuantes</span> 
     </span>
     <span class='ocr_line' id='line_1_18' title="bbox 145 1511 899 1582; baseline 0.005 -21"><span class='ocrx_word' id='word_1_119' title='bbox 145 1512 229 1566; x_wconf 78' lang='lat' dir='ltr'>&#39;etiam</span> <span class='ocrx_word' id='word_1_120' title='bbox 240 1511 331 1561; x_wconf 85' lang='lat' dir='ltr'>samam</span> <span class='ocrx_word' id='word_1_121' title='bbox 342 1513 409 1574; x_wconf 83' lang='lat' dir='ltr'>belli)</span> <span class='ocrx_word' id='word_1_122' title='bbox 420 1511 550 1561; x_wconf 79' lang='lat' dir='ltr'>habebant.</span> <span class='ocrx_word' id='word_1_123' title='bbox 568 1514 672 1562; x_wconf 87' lang='lat' dir='ltr'>Interim</span> <span class='ocrx_word' id='word_1_124' title='bbox 685 1514 761 1577; x_wconf 86' lang='lat' dir='ltr'>Galli,</span> <span class='ocrx_word' id='word_1_125' title='bbox 771 1513 899 1582; x_wconf 84' lang='lat' dir='ltr'>poslquatn</span> 
     </span>
     <span class='ocr_line' id='line_1_19' title="bbox 143 1582 899 1655; baseline 0.004 -15"><span class='ocrx_word' id='word_1_126' title='bbox 143 1582 277 1655; x_wconf 60' lang='lat' dir='ltr'>‘accepere</span> <span class='ocrx_word' id='word_1_127' title='bbox 286 1588 352 1637; x_wconf 89' lang='lat' dir='ltr'>ultro</span> <span class='ocrx_word' id='word_1_128' title='bbox 363 1589 485 1638; x_wconf 82' lang='lat' dir='ltr'>honorem¹</span> <span class='ocrx_word' id='word_1_129' title='bbox 491 1588 604 1637; x_wconf 82' lang='lat' dir='ltr'>habitum</span> <span class='ocrx_word' id='word_1_130' title='bbox 610 1589 774 1640; x_wconf 86' lang='lat' dir='ltr'>violatoribus</span> <span class='ocrx_word' id='word_1_131' title='bbox 782 1590 843 1654; x_wconf 82' lang='lat' dir='ltr'>juris</span> <span class='ocrx_word' id='word_1_132' title='bbox 852 1591 899 1643; x_wconf 75' lang='lat' dir='ltr'>hu·</span> 
     </span>
     <span class='ocr_line' id='line_1_20' title="bbox 153 1664 897 1737; baseline -0.003 -20"><span class='ocrx_word' id='word_1_133' title='bbox 153 1667 228 1731; x_wconf 88' lang='lat' dir='ltr'>mani,</span> <span class='ocrx_word' id='word_1_134' title='bbox 245 1664 384 1737; x_wconf 81' lang='lat' dir='ltr'>elusamque</span> <span class='ocrx_word' id='word_1_135' title='bbox 400 1665 550 1730; x_wconf 81' lang='lat' dir='ltr'>legationem</span> <span class='ocrx_word' id='word_1_136' title='bbox 562 1664 629 1715; x_wconf 86' lang='lat' dir='ltr'>suam</span> <span class='ocrx_word' id='word_1_137' title='bbox 641 1665 700 1730; x_wconf 88' lang='lat' dir='ltr'>esse,</span> <span class='ocrx_word' id='word_1_138' title='bbox 712 1669 840 1732; x_wconf 82' lang='lat' dir='ltr'>flagrantes</span> <span class='ocrx_word' id='word_1_139' title='bbox 852 1666 897 1731; x_wconf 65' lang='lat' dir='ltr'>ira,</span> 
     </span>
     <span class='ocr_line' id='line_1_21' title="bbox 154 1741 898 1809; baseline -0.004 -13"><span class='ocrx_word' id='word_1_140' title='bbox 154 1741 223 1808; x_wconf 77' lang='lat' dir='ltr'>c&#39;uJus</span> <span class='ocrx_word' id='word_1_141' title='bbox 235 1745 357 1809; x_wconf 81' lang='lat' dir='ltr'>impotens</span> <span class='ocrx_word' id='word_1_142' title='bbox 369 1743 401 1792; x_wconf 87' lang='lat' dir='ltr'>est</span> <span class='ocrx_word' id='word_1_143' title='bbox 413 1757 478 1808; x_wconf 88' lang='lat' dir='ltr'>gens,</span> <span class='ocrx_word' id='word_1_144' title='bbox 496 1743 624 1794; x_wconf 88' lang='lat' dir='ltr'>conseslim</span> <span class='ocrx_word' id='word_1_145' title='bbox 635 1743 706 1808; x_wconf 83' lang='lat' dir='ltr'>fignis</span> <span class='ocrx_word' id='word_1_146' title='bbox 717 1743 846 1809; x_wconf 81' lang='lat' dir='ltr'>convulsis,</span> <span class='ocrx_word' id='word_1_147' title='bbox 861 1744 898 1794; x_wconf 87' lang='lat' dir='ltr'>ci·</span> 
     </span>
     <span class='ocr_line' id='line_1_22' title="bbox 143 1813 897 1889; baseline -0.004 -17"><span class='ocrx_word' id='word_1_148' title='bbox 143 1831 207 1878; x_wconf 74' lang='lat' dir='ltr'>&#39;tato</span> <span class='ocrx_word' id='word_1_149' title='bbox 218 1813 315 1887; x_wconf 85' lang='lat' dir='ltr'>agmine</span> <span class='ocrx_word' id='word_1_150' title='bbox 333 1822 379 1871; x_wconf 87' lang='lat' dir='ltr'>iter</span> <span class='ocrx_word' id='word_1_151' title='bbox 395 1821 576 1886; x_wconf 82' lang='lat' dir='ltr'>Ingrediuntnr.</span> <span class='ocrx_word' id='word_1_152' title='bbox 609 1822 649 1871; x_wconf 81' lang='lat' dir='ltr'>Ad</span> <span class='ocrx_word' id='word_1_153' title='bbox 664 1837 771 1888; x_wconf 86' lang='lat' dir='ltr'>quorum</span> <span class='ocrx_word' id='word_1_154' title='bbox 785 1832 897 1889; x_wconf 86' lang='lat' dir='ltr'>praetere-</span> 
     </span>
     <span class='ocr_line' id='line_1_23' title="bbox 152 1898 897 1968; baseline -0.005 -16"><span class='ocrx_word' id='word_1_155' title='bbox 152 1901 250 1952; x_wconf 89' lang='lat' dir='ltr'>untium</span> <span class='ocrx_word' id='word_1_156' title='bbox 260 1900 350 1968; x_wconf 88' lang='lat' dir='ltr'>raptim</span> <span class='ocrx_word' id='word_1_157' title='bbox 362 1900 494 1950; x_wconf 88' lang='lat' dir='ltr'>tumultum</span> <span class='ocrx_word' id='word_1_158' title='bbox 505 1914 581 1966; x_wconf 87' lang='lat' dir='ltr'>quum</span> <span class='ocrx_word' id='word_1_159' title='bbox 593 1901 716 1950; x_wconf 78' lang='lat' dir='ltr'>exterrita</span> <span class='ocrx_word' id='word_1_160' title='bbox 726 1899 800 1949; x_wconf 88' lang='lat' dir='ltr'>urbes</span> <span class='ocrx_word' id='word_1_161' title='bbox 815 1898 847 1949; x_wconf 89' lang='lat' dir='ltr'>ad</span> <span class='ocrx_word' id='word_1_162' title='bbox 857 1913 897 1948; x_wconf 86' lang='lat' dir='ltr'>ar·</span> 
     </span>
     <span class='ocr_line' id='line_1_24' title="bbox 152 1975 899 2045; baseline -0.008 -13"><span class='ocrx_word' id='word_1_163' title='bbox 152 1993 195 2032; x_wconf 85' lang='lat' dir='ltr'>ma</span> <span class='ocrx_word' id='word_1_164' title='bbox 205 1989 385 2044; x_wconf 85' lang='lat' dir='ltr'>concurrerent,</span> <span class='ocrx_word' id='word_1_165' title='bbox 402 1977 508 2045; x_wconf 81' lang='lat' dir='ltr'>fugaque</span> <span class='ocrx_word' id='word_1_166' title='bbox 520 1979 648 2044; x_wconf 87' lang='lat' dir='ltr'>agrcslium</span> <span class='ocrx_word' id='word_1_167' title='bbox 658 1978 737 2042; x_wconf 84' lang='lat' dir='ltr'>fieret,</span> <span class='ocrx_word' id='word_1_168' title='bbox 754 1979 861 2028; x_wconf 87' lang='lat' dir='ltr'>Romam</span> <span class='ocrx_word' id='word_1_169' title='bbox 872 1975 899 2027; x_wconf 90' lang='lat' dir='ltr'>se</span> 
     </span>
     <span class='ocr_line' id='line_1_25' title="bbox 153 2056 897 2123; baseline -0.012 -11"><span class='ocrx_word' id='word_1_170' title='bbox 153 2058 200 2122; x_wconf 83' lang='lat' dir='ltr'>ire,</span> <span class='ocrx_word' id='word_1_171' title='bbox 214 2073 305 2120; x_wconf 85' lang='lat' dir='ltr'>magno</span> <span class='ocrx_word' id='word_1_172' title='bbox 325 2058 432 2108; x_wconf 89' lang='lat' dir='ltr'>clamore</span> <span class='ocrx_word' id='word_1_173' title='bbox 450 2056 628 2121; x_wconf 84' lang='lat' dir='ltr'>fignificabant;</span> <span class='ocrx_word' id='word_1_174' title='bbox 654 2071 800 2123; x_wconf 89' lang='lat' dir='ltr'>quacunque</span> <span class='ocrx_word' id='word_1_175' title='bbox 819 2056 897 2120; x_wconf 87' lang='lat' dir='ltr'>ibant,</span> 
     </span>
     <span class='ocr_line' id='line_1_26' title="bbox 152 2133 898 2202; baseline -0.005 -16"><span class='ocrx_word' id='word_1_176' title='bbox 152 2137 221 2202; x_wconf 80' lang='lat' dir='ltr'>equIs</span> <span class='ocrx_word' id='word_1_177' title='bbox 233 2134 340 2198; x_wconf 87' lang='lat' dir='ltr'>virisque</span> <span class='ocrx_word' id='word_1_178' title='bbox 351 2134 424 2198; x_wconf 74' lang='lat' dir='ltr'>longe</span> <span class='ocrx_word' id='word_1_179' title='bbox 432 2149 460 2183; x_wconf 90' lang='lat' dir='ltr'>ac</span> <span class='ocrx_word' id='word_1_180' title='bbox 472 2134 518 2183; x_wconf 81' lang='lat' dir='ltr'>late</span> <span class='ocrx_word' id='word_1_181' title='bbox 526 2133 581 2184; x_wconf 86' lang='lat' dir='ltr'>suso</span> <span class='ocrx_word' id='word_1_182' title='bbox 589 2136 688 2197; x_wconf 83' lang='lat' dir='ltr'>agmine</span> <span class='ocrx_word' id='word_1_183' title='bbox 696 2133 841 2183; x_wconf 89' lang='lat' dir='ltr'>immensum</span> <span class='ocrx_word' id='word_1_184' title='bbox 851 2133 898 2182; x_wconf 87' lang='lat' dir='ltr'>ob-</span> 
     </span>
     <span class='ocr_line' id='line_1_27' title="bbox 152 2209 898 2274; baseline -0.005 -11"><span class='ocrx_word' id='word_1_185' title='bbox 152 2215 256 2264; x_wconf 86' lang='lat' dir='ltr'>tinentes</span> <span class='ocrx_word' id='word_1_186' title='bbox 270 2210 327 2258; x_wconf 91' lang='lat' dir='ltr'>loci.</span> <span class='ocrx_word' id='word_1_187' title='bbox 359 2209 413 2272; x_wconf 86' lang='lat' dir='ltr'>Sed,</span> <span class='ocrx_word' id='word_1_188' title='bbox 429 2209 588 2258; x_wconf 86' lang='lat' dir='ltr'>antecedente</span> <span class='ocrx_word' id='word_1_189' title='bbox 607 2211 672 2258; x_wconf 69' lang='lat' dir='ltr'>sarna</span> <span class='ocrx_word' id='word_1_190' title='bbox 683 2211 825 2274; x_wconf 90' lang='lat' dir='ltr'>nunciisque</span> <span class='ocrx_word' id='word_1_191' title='bbox 839 2211 898 2259; x_wconf 88' lang='lat' dir='ltr'>Clu-</span> 
     </span>
     <span class='ocr_line' id='line_1_28' title="bbox 148 2286 898 2353; baseline 0.005 -17"><span class='ocrx_word' id='word_1_192' title='bbox 148 2287 267 2352; x_wconf 73' lang='lat' dir='ltr'>sinorum,</span> <span class='ocrx_word' id='word_1_193' title='bbox 279 2286 393 2350; x_wconf 87' lang='lat' dir='ltr'>deinceps</span> <span class='ocrx_word' id='word_1_194' title='bbox 405 2286 463 2334; x_wconf 89' lang='lat' dir='ltr'>inde</span> <span class='ocrx_word' id='word_1_195' title='bbox 474 2287 578 2334; x_wconf 89' lang='lat' dir='ltr'>aliorum</span> <span class='ocrx_word' id='word_1_196' title='bbox 587 2286 745 2353; x_wconf 89' lang='lat' dir='ltr'>populorum,</span> <span class='ocrx_word' id='word_1_197' title='bbox 762 2288 898 2353; x_wconf 87' lang='lat' dir='ltr'>plurimum</span> 
     </span>
     <span class='ocr_line' id='line_1_29' title="bbox 149 2361 894 2431; baseline -0.003 -15"><span class='ocrx_word' id='word_1_198' title='bbox 149 2365 248 2418; x_wconf 89' lang='lat' dir='ltr'>terroris</span> <span class='ocrx_word' id='word_1_199' title='bbox 259 2366 365 2412; x_wconf 88' lang='lat' dir='ltr'>Romam</span> <span class='ocrx_word' id='word_1_200' title='bbox 377 2361 486 2411; x_wconf 84' lang='lat' dir='ltr'>celeritas</span> <span class='ocrx_word' id='word_1_201' title='bbox 497 2361 602 2412; x_wconf 81' lang='lat' dir='ltr'>boillum</span> <span class='ocrx_word' id='word_1_202' title='bbox 611 2362 675 2412; x_wconf 91' lang='lat' dir='ltr'>tulit.</span> <span class='ocrx_word' id='word_1_203' title='bbox 695 2364 786 2431; x_wconf 85' lang='lat' dir='ltr'>quippe</span> <span class='ocrx_word' id='word_1_204' title='bbox 794 2365 894 2431; x_wconf 89' lang='lat' dir='ltr'>quibus,</span> 
     </span>
     <span class='ocr_line' id='line_1_30' title="bbox 149 2439 895 2508; baseline -0.001 -14"><span class='ocrx_word' id='word_1_205' title='bbox 149 2443 220 2494; x_wconf 81' lang='lat' dir='ltr'>velut</span> <span class='ocrx_word' id='word_1_206' title='bbox 230 2439 391 2492; x_wconf 90' lang='lat' dir='ltr'>tumultuario</span> <span class='ocrx_word' id='word_1_207' title='bbox 408 2441 519 2490; x_wconf 82' lang='lat' dir='ltr'>exercitu</span> <span class='ocrx_word' id='word_1_208' title='bbox 532 2441 621 2507; x_wconf 88' lang='lat' dir='ltr'>raptim</span> <span class='ocrx_word' id='word_1_209' title='bbox 633 2440 715 2508; x_wconf 79' lang='lat' dir='ltr'>dusip,</span> <span class='ocrx_word' id='word_1_210' title='bbox 732 2445 795 2506; x_wconf 75' lang='lat' dir='ltr'>agre</span> <span class='ocrx_word' id='word_1_211' title='bbox 805 2443 836 2493; x_wconf 92' lang='lat' dir='ltr'>ad</span> <span class='ocrx_word' id='word_1_212' title='bbox 848 2459 895 2494; x_wconf 84' lang='lat' dir='ltr'>un·</span> 
     </span>
     <span class='ocr_line' id='line_1_31' title="bbox 139 2517 895 2587; baseline -0.003 -13"><span class='ocrx_word' id='word_1_213' title='bbox 139 2522 273 2575; x_wconf 78' lang='lat' dir='ltr'>&#39;decimum</span> <span class='ocrx_word' id='word_1_214' title='bbox 292 2517 398 2587; x_wconf 86' lang='lat' dir='ltr'>lapidem</span> <span class='ocrx_word' id='word_1_215' title='bbox 420 2517 549 2569; x_wconf 86' lang='lat' dir='ltr'>occursum</span> <span class='ocrx_word' id='word_1_216' title='bbox 568 2519 609 2583; x_wconf 77' lang='lat' dir='ltr'>est,</span> <span class='ocrx_word' id='word_1_217' title='bbox 636 2521 685 2586; x_wconf 69' lang='lat' dir='ltr'>qud</span> <span class='ocrx_word' id='word_1_218' title='bbox 706 2523 797 2570; x_wconf 88' lang='lat' dir='ltr'>flumen</span> <span class='ocrx_word' id='word_1_219' title='bbox 821 2523 895 2587; x_wconf 86' lang='lat' dir='ltr'>Allia,</span> 
     </span>
     <span class='ocr_line' id='line_1_32' title="bbox 150 2596 896 2664; baseline 0.001 -14"><span class='ocrx_word' id='word_1_220' title='bbox 150 2597 311 2651; x_wconf 88' lang='lat' dir='ltr'>Crustuminis</span> <span class='ocrx_word' id='word_1_221' title='bbox 328 2596 455 2645; x_wconf 90' lang='lat' dir='ltr'>montibus</span> <span class='ocrx_word' id='word_1_222' title='bbox 477 2597 577 2664; x_wconf 84' lang='lat' dir='ltr'>praealto</span> <span class='ocrx_word' id='word_1_223' title='bbox 595 2597 703 2647; x_wconf 82' lang='lat' dir='ltr'>defluens</span> <span class='ocrx_word' id='word_1_224' title='bbox 722 2598 804 2662; x_wconf 78' lang='lat' dir='ltr'>alveo,</span> <span class='ocrx_word' id='word_1_225' title='bbox 830 2600 896 2652; x_wconf 88' lang='lat' dir='ltr'>haud</span> 
     </span>
     <span class='ocr_line' id='line_1_33' title="bbox 149 2673 894 2741; baseline -0.003 -12"><span class='ocrx_word' id='word_1_226' title='bbox 149 2678 256 2729; x_wconf 87' lang='lat' dir='ltr'>multum</span> <span class='ocrx_word' id='word_1_227' title='bbox 268 2675 331 2724; x_wconf 87' lang='lat' dir='ltr'>infra</span> <span class='ocrx_word' id='word_1_228' title='bbox 343 2676 411 2724; x_wconf 88' lang='lat' dir='ltr'>viam</span> <span class='ocrx_word' id='word_1_229' title='bbox 426 2673 548 2724; x_wconf 80' lang='lat' dir='ltr'>TiberIno</span> <span class='ocrx_word' id='word_1_230' title='bbox 562 2677 630 2726; x_wconf 89' lang='lat' dir='ltr'>amni</span> <span class='ocrx_word' id='word_1_231' title='bbox 641 2675 764 2726; x_wconf 88' lang='lat' dir='ltr'>miscetur.</span> <span class='ocrx_word' id='word_1_232' title='bbox 799 2679 854 2741; x_wconf 88' lang='lat' dir='ltr'>Jam</span> <span class='ocrx_word' id='word_1_233' title='bbox 866 2693 894 2727; x_wconf 91' lang='lat' dir='ltr'>o·</span> 
     </span>
     <span class='ocr_line' id='line_1_34' title="bbox 141 2748 895 2823; baseline 0 -17"><span class='ocrx_word' id='word_1_234' title='bbox 141 2748 217 2806; x_wconf 84' lang='lat' dir='ltr'>&#39;mnia</span> <span class='ocrx_word' id='word_1_235' title='bbox 229 2758 314 2804; x_wconf 79' lang='lat' dir='ltr'>contra</span> <span class='ocrx_word' id='word_1_236' title='bbox 333 2752 447 2818; x_wconf 89' lang='lat' dir='ltr'>circaque</span> <span class='ocrx_word' id='word_1_237' title='bbox 464 2753 569 2804; x_wconf 83' lang='lat' dir='ltr'>bellium</span> <span class='ocrx_word' id='word_1_238' title='bbox 581 2754 652 2823; x_wconf 89' lang='lat' dir='ltr'>plena</span> <span class='ocrx_word' id='word_1_239' title='bbox 663 2766 740 2818; x_wconf 87' lang='lat' dir='ltr'>erant,</span> <span class='ocrx_word' id='word_1_240' title='bbox 757 2755 782 2804; x_wconf 76' lang='grc' dir='ltr'><strong>ἃ</strong></span> <span class='ocrx_word' id='word_1_241' title='bbox 794 2765 850 2804; x_wconf 81' lang='lat' dir='ltr'>nata</span> <span class='ocrx_word' id='word_1_242' title='bbox 868 2757 895 2808; x_wconf 92' lang='lat' dir='ltr'>in</span> 
     </span>
     <span class='ocr_line' id='line_1_35' title="bbox 138 2830 894 2920; baseline 0.001 -39"><span class='ocrx_word' id='word_1_243' title='bbox 138 2836 230 2881; x_wconf 71' lang='lat' dir='ltr'>‘vanos</span> <span class='ocrx_word' id='word_1_244' title='bbox 241 2830 360 2882; x_wconf 86' lang='lat' dir='ltr'>tumultus</span> <span class='ocrx_word' id='word_1_245' title='bbox 371 2844 438 2893; x_wconf 85' lang='lat' dir='ltr'>gens,</span> <span class='ocrx_word' id='word_1_246' title='bbox 456 2831 521 2879; x_wconf 91' lang='lat' dir='ltr'>truci</span> <span class='ocrx_word' id='word_1_247' title='bbox 538 2843 611 2881; x_wconf 84' lang='lat' dir='ltr'>cautu</span> <span class='ocrx_word' id='word_1_248' title='bbox 623 2830 818 2920; x_wconf 80' lang='lat' dir='ltr'>clamoribusque</span> <span class='ocrx_word' id='word_1_249' title='bbox 828 2832 894 2882; x_wconf 91' lang='lat' dir='ltr'>varl-</span> 
     </span>
     <span class='ocr_line' id='line_1_36' title="bbox 150 2906 696 2974; baseline 0.002 -15"><span class='ocrx_word' id='word_1_250' title='bbox 150 2907 179 2973; x_wconf 89' lang='lat' dir='ltr'>Is,</span> <span class='ocrx_word' id='word_1_251' title='bbox 196 2909 320 2958; x_wconf 88' lang='lat' dir='ltr'>horrendo</span> <span class='ocrx_word' id='word_1_252' title='bbox 332 2906 418 2957; x_wconf 79' lang='lat' dir='ltr'>euntia</span> <span class='ocrx_word' id='word_1_253' title='bbox 429 2908 615 2974; x_wconf 85' lang='lat' dir='ltr'>compleverant</span> <span class='ocrx_word' id='word_1_254' title='bbox 626 2909 696 2960; x_wconf 92' lang='lat' dir='ltr'>sono</span> 
     </span>
    </p>

    <p class='ocr_par' dir='ltr' id='par_1_3' title="bbox 144 2982 892 3088">
     <span class='ocr_line' id='line_1_37' title="bbox 144 2982 892 3088; baseline -0.004 -48.839"><span class='ocrx_word' id='word_1_255' title='bbox 144 2986 337 3088; x_wconf 84' lang='lat' dir='ltr'>XXXVIII</span> <span class='ocrx_word' id='word_1_256' title='bbox 355 2982 395 3038; x_wconf 89' lang='lat' dir='ltr'>lbi</span> <span class='ocrx_word' id='word_1_257' title='bbox 411 2982 504 3079; x_wconf 77' lang='lat' dir='ltr'>tribuni</span> <span class='ocrx_word' id='word_1_258' title='bbox 523 2984 642 3053; x_wconf 86' lang='lat' dir='ltr'>militum,</span> <span class='ocrx_word' id='word_1_259' title='bbox 659 2999 717 3039; x_wconf 87' lang='lat' dir='ltr'>non</span> <span class='ocrx_word' id='word_1_260' title='bbox 733 2982 792 3039; x_wconf 86' lang='lat' dir='ltr'>loco</span> <span class='ocrx_word' id='word_1_261' title='bbox 810 2984 892 3036; x_wconf 78' lang='lat' dir='ltr'>cestrie</span> 
     </span>
    </p>

    <p class='ocr_par' dir='ltr' id='par_1_4' title="bbox 833 3063 891 3119">
     <span class='ocr_line' id='line_1_38' title="bbox 833 3063 891 3119; baseline 0.052 -4"><span class='ocrx_word' id='word_1_262' title='bbox 833 3063 891 3119; x_wconf 75' lang='lat' dir='ltr'>aad</span> 
     </span>
    </p>
   </div>
   <div class='ocr_carea' id='block_1_2' title="bbox 0 0 986 3660">
    <p class='ocr_par' dir='ltr' id='par_1_5' title="bbox 0 0 986 3660">
     <span class='ocr_line' id='line_1_39' title="bbox 0 0 986 3660; baseline 0 1"><span class='ocrx_word' id='word_1_263' title='bbox 0 0 986 3660; x_wconf 95' lang='lat' dir='ltr'> </span> 
     </span>
    </p>
   </div>
  </div>
 </body>
</html>
