1964 3660
105 211 110 225 ¹
181 207 233 249 att
440 195 480 247 T.
506 195 674 248 “LIVI'I

171 282 380 351 ‚populationibus
394 297 431 333 res
449 284 505 347 suit,
522 300 573 336 non
587 286 616 333 ad
638 285 774 352 praefidium
790 289 868 341 modo
884 303 933 344 tu·¹

175 361 284 411 “tandum
301 361 372 411 Fabii
389 359 445 410 satis
462 371 541 424 erant,
558 359 599 410 led
610 362 664 411 tota
677 365 788 428 regione,
804 369 855 431 ,qufa
874 373 929 418 Tu·

176 435 233 486 'scus
245 452 303 501 ager
315 441 430 487 Romano
441 437 543 501 adjacet,
560 436 603 486 sua
614 448 668 487 tuta
679 442 770 506 omnia,
788 443 872 493 infesta
883 445 929 495 ho-

171 515 259 577 stium,
277 525 396 580 vagantes
412 529 456 581 per
474 524 608 579 utrumque
626 513 709 580 finem,
727 517 816 567 secere.
851 523 930 572 Inter-

176 592 275 641 vallum
282 591 370 641 deinde
380 591 447 645 haud
455 605 573 653 magnum
581 591 785 657 populationibus
793 594 854 645 suit:
867 596 928 649 dum

113 722 116 727 ,
170 671 207 719 dc
219 670 343 733 Vejentes,
354 671 434 718 accito
446 684 479 717 ex
488 669 586 716 Etruria
596 670 715 733 exercitu,
725 670 861 736 praesidium
871 678 929 738 Cre-

173 762 254 798 anerae
266 758 423 814 oppugnant;
442 747 467 796 8c
477 749 596 796 Romanae
605 746 723 810 legiones,
740 748 772 801 ab
784 751 815 798 L.
828 751 930 803 AEmilio

169 824 279 875 eonsule
291 824 409 887 adduae,
427 825 540 874 cominus
552 839 608 873 cum
620 824 726 873 Etruscis
737 824 856 876 dirnicant
866 828 930 878 acic.

167 917 320 967 quanquam
329 903 375 951 vix
384 899 504 967 dirigendi
515 900 594 949 aciem
602 898 708 965 spatium
717 901 863 965 Vejentibus
870 902 928 953 snit.

176 978 240 1029 adeo
252 979 316 1028 inter
332 979 438 1045 primam
455 976 653 1042 trepidationem,
670 977 730 1026 dum
742 978 794 1043 post
808 977 875 1042 signa
886 996 928 1030 on-

174 1056 246 1106 dines
265 1058 398 1118 intrudunt,
416 1053 566 1117 subsidiaque
583 1052 674 1116 locant,
691 1054 789 1103 incesta
800 1053 881 1107 subito
892 1057 925 1106 ab

172 1130 252 1189 latere
264 1135 375 1188 Romana
391 1129 501 1193 equitum
513 1127 559 1189 ala,
577 1142 628 1175 non
644 1142 732 1192 pugnae
743 1129 820 1179 modo
836 1132 926 1197 incipi-

165 1208 251 1269 -endae,
269 1205 309 1255 sed
321 1203 470 1266 eonfistendi,
488 1202 579 1253 ademit
590 1203 681 1252 locum.
700 1207 746 1267 Ita,
758 1205 802 1254 fufi
812 1212 877 1256 retro
889 1209 922 1260 ad

173 1282 235 1349 saxa
246 1282 338 1345 Rubra,
356 1282 402 1342 (ibi
413 1281 488 1330 castra
502 1279 634 1344 habebant)
652 1296 738 1346 pacem
750 1280 871 1349 supplices
882 1302 926 1353 pe-

158 1369 241 1409 &tune
255 1407 257 1410 Α
275 1359 343 1422 cujus
352 1359 498 1423 impetrata,
515 1356 546 1405 ab
558 1356 627 1405 infita
638 1358 726 1406 animis
739 1358 850 1423 levitate,
868 1373 927 1414 ante

164 1436 305 1495 deduilum
318 1435 432 1485 Cremera
447 1437 588 1483 Romanum
604 1433 749 1499 praesidium,
765 1437 892 1500 poenituit.

208 1516 239 1563 L.
260 1511 350 1562 Rursus
362 1526 419 1562 eum
428 1510 510 1560 Fabiis
521 1520 573 1559 erat
582 1509 683 1573 Vejenti
692 1511 795 1576 populo,
813 1511 861 1562 sine
872 1514 927 1568 ullo

86 1609 88 1613 ·
170 1589 276 1654 majoris
294 1586 494 1654 belliapparatu,
513 1597 649 1636 certamen:
666 1601 713 1635 nec
725 1596 794 1637 erant
806 1589 924 1641 incurso·

167 1681 218 1719 mes
236 1662 312 1715 modo
331 1665 358 1714 in
374 1679 455 1728 agros,
472 1674 516 1714 aut
532 1661 606 1713 subiti
619 1664 724 1730 impetus
736 1664 924 1732 incursantium,

168 1743 218 1794 {led
227 1742 356 1807 aliquoties
368 1757 439 1806 aequo
454 1756 543 1808 campo
555 1738 697 1806 collatisque
707 1738 781 1804 fignis
794 1753 924 1811 certatum,

175 1820 281 1887 gensque
292 1835 341 1870 una
353 1813 439 1887 populi
456 1817 563 1869 Romani
574 1816 637 1884 sape
648 1832 681 1866 ex
692 1818 879 1884 opulentissima,
895 1831 925 1871 nt

165 1910 229 1949 tum
240 1913 276 1948 res
288 1908 365 1961 erant,
374 1896 477 1946 Etrusca
489 1897 591 1945 civitate
601 1894 729 1944 viiioriam
741 1895 806 1944 tulit.
832 1895 861 1945 Id
872 1898 923 1962 pri·
947 1902 951 1911 '

168 1980 219 2026 Ζιῐιὸ
238 1971 354 2042 acerbum
373 1974 551 2040 indignumque
571 1971 717 2035 Vejentibus
737 1972 827 2020 visum.
867 1973 924 2024 inde

168 2053 347 2105 ‹confilium'ex
359 2063 482 2101 renatum
496 2048 587 2100 insidiis
596 2049 705 2099 serocem
716 2049 808 2098 hostem
823 2060 923 2115 captan-

167 2129 218 2180 ‹dit
243 2129 348 2192 gaudere
365 2130 448 2190 etiam,
470 2128 549 2176 multo
568 2124 675 2174 successu
697 2125 778 2172 Fabiis
794 2124 924 2179 audaciam

166 2205 290 2255 crescere.
325 2208 411 2268 Itaque
423 2205 448 2252 dc
457 2192 546 2267 pecora
555 2199 718 2265 praedantibus
729 2201 864 2265 aliquoties,
877 2218 921 2251 ve-

168 2282 213 2332 :tut
222 2280 278 2330 casu
289 2278 433 2341 incidissent,
445 2278 547 2326 obviam
556 2276 621 2326 asia:
639 2276 664 2324 dc
673 2277 801 2337 agrellium
809 2269 867 2340 suga¹
876 2293 921 2328 va-

168 2358 202 2410 ili
213 2355 289 2406 relidi
299 2356 367 2420 agri:
376 2356 410 2418 ¹&
421 2354 525 2420 subsidia
536 2362 696 2416 armatorum,
707 2352 739 2403 ad
751 2353 866 2403 arcendas
875 2371 921 2423 po·

168 2436 309 2504 pulationes
324 2432 402 2496 milla,
419 2432 505 2503 sapius
520 2430 640 2495 simulato,
658 2436 732 2496 quam
744 2446 815 2494 vem,
824 2448 920 2498 pavore

170 2512 325 2576 refugerunt.
359 2513 464 2576 Jamque
483 2509 553 2567 Fabii
576 2507 638 2560 adeo
655 2508 851 2574 contempserant
873 2511 919 2560 ho-

168 2592 241 2654 diem,
257 2600 286 2638 ut
303 2587 345 2638 sua
363 2587 456 2637 invilla
472 2603 539 2636 arma
555 2601 635 2653 neque
645 2586 702 2636 loco
719 2603 797 2652 neque
808 2599 920 2654 tempore

168 2669 225 2720 ullo
235 2667 360 2719 crederent
369 2666 478 2716 sustineri
490 2665 565 2732 polle.
591 2666 642 2714 haec
654 2664 706 2732 spes
715 2668 841 2733 provexit,
852 2677 880 2716 ut
888 2668 920 2720 ad

144 2776 150 2784 ι
167 2747 301 2815 eonspeila
318 2744 435 2814 procula
453 2748 568 2794 Cremera
586 2759 678 2808 magno
696 2746 776 2812 campi
788 2745 920 2798 intervallo

167 2839 262 2891 pecora
279 2828 429 2889 (quanquam
444 2836 497 2871 rara
508 2821 616 2872 hostium
626 2822 777 2888 apparebant
788 2827 864 2888 arma)
876 2824 923 2876 dc·.

165 2912 304 2950 currerent.
323 2901 347 2951 dc
359 2914 436 2965 quum
447 2899 584 2966 improvidi
594 2899 671 2950 effuso
680 2899 752 2950 cursu
762 2900 857 2950 insidias
869 2901 918 2953 cir-

159 2975 350 3044 *caeptumsttcr
358 2975 451 3042 locatas
462 2975 621 3045 superassent,
627 3037 630 3041 Α
631 2975 760 3044 palatique
771 2976 859 3044 paffim
871 2990 916 3024 va-
