<?xml version="1.0" encoding="UTF-8"?>
<!DOCTYPE html PUBLIC "-//W3C//DTD XHTML 1.0 Transitional//EN"
    "http://www.w3.org/TR/xhtml1/DTD/xhtml1-transitional.dtd">
<html xmlns="http://www.w3.org/1999/xhtml" xml:lang="en" lang="en">
 <head>
  <title>
</title>
<meta http-equiv="Content-Type" content="text/html;charset=utf-8" />
  <meta name='ocr-system' content='tesseract 3.04.00' />
  <meta name='ocr-capabilities' content='ocr_page ocr_carea ocr_par ocr_line ocrx_word'/>
</head>
<body>
  <div class='ocr_page' id='page_1' title='image "./titiliviipatavi00livygoog_0465.png"; bbox 0 0 1964 3660; ppageno 0'>
   <div class='ocr_carea' id='block_1_1' title="bbox 140 187 629 259">
    <p class='ocr_par' dir='ltr' id='par_1_1' title="bbox 140 187 629 259">
     <span class='ocr_line' id='line_1_1' title="bbox 140 187 629 259; baseline 0 -20"><span class='ocrx_word' id='word_1_1' title='bbox 140 208 191 259; x_wconf 70' lang='lat' dir='ltr'>arc</span> <span class='ocrx_word' id='word_1_2' title='bbox 399 188 437 239; x_wconf 82' lang='grc' dir='ltr'>τ.</span> <span class='ocrx_word' id='word_1_3' title='bbox 471 187 629 239; x_wconf 81' lang='lat' dir='ltr'>nrvrr</span> 
     </span>
    </p>
   </div>
   <div class='ocr_carea' id='block_1_2' title="bbox 140 274 899 420">
    <p class='ocr_par' dir='ltr' id='par_1_2' title="bbox 140 274 899 420">
     <span class='ocr_line' id='line_1_2' title="bbox 140 274 899 344; baseline -0.017 -11"><span class='ocrx_word' id='word_1_4' title='bbox 140 280 217 334; x_wconf 85' lang='lat' dir='ltr'>milit.</span> <span class='ocrx_word' id='word_1_5' title='bbox 251 274 401 344; x_wconf 69' lang='lat' dir='ltr'>Conlpeiiua</span> <span class='ocrx_word' id='word_1_6' title='bbox 411 276 444 325; x_wconf 88' lang='lat' dir='ltr'>ab</span> <span class='ocrx_word' id='word_1_7' title='bbox 460 285 565 341; x_wconf 83' lang='lat' dir='ltr'>utraque</span> <span class='ocrx_word' id='word_1_8' title='bbox 574 277 629 326; x_wconf 88' lang='lat' dir='ltr'>acie</span> <span class='ocrx_word' id='word_1_9' title='bbox 642 275 771 343; x_wconf 82' lang='lat' dir='ltr'>aliquanto</span> <span class='ocrx_word' id='word_1_10' title='bbox 781 279 899 342; x_wconf 71' lang='lat' dir='ltr'>augusti.</span> 
     </span>
     <span class='ocr_line' id='line_1_3' title="bbox 141 351 899 420; baseline 0.001 -13"><span class='ocrx_word' id='word_1_11' title='bbox 141 373 173 407; x_wconf 91' lang='lat' dir='ltr'>or</span> <span class='ocrx_word' id='word_1_12' title='bbox 189 356 299 405; x_wconf 86' lang='lat' dir='ltr'>humano</span> <span class='ocrx_word' id='word_1_13' title='bbox 318 353 384 416; x_wconf 82' lang='lat' dir='ltr'>visu,</span> <span class='ocrx_word' id='word_1_14' title='bbox 400 352 461 402; x_wconf 80' lang='lat' dir='ltr'>ficut</span> <span class='ocrx_word' id='word_1_15' title='bbox 480 351 543 401; x_wconf 88' lang='lat' dir='ltr'>coelo</span> <span class='ocrx_word' id='word_1_16' title='bbox 561 351 646 403; x_wconf 82' lang='lat' dir='ltr'>millur</span> <span class='ocrx_word' id='word_1_17' title='bbox 663 355 789 420; x_wconf 82' lang='lat' dir='ltr'><strong>piaculum</strong></span> <span class='ocrx_word' id='word_1_18' title='bbox 809 357 899 409; x_wconf 76' lang='lat' dir='ltr'>omnia</span> 
     </span>
    </p>
   </div>
   <div class='ocr_carea' id='block_1_3' title="bbox 141 427 899 655">
    <p class='ocr_par' dir='ltr' id='par_1_3' title="bbox 141 427 899 655">
     <span class='ocr_line' id='line_1_4' title="bbox 142 427 899 496; baseline -0.001 -12"><span class='ocrx_word' id='word_1_19' title='bbox 142 437 256 485; x_wconf 86' lang='lat' dir='ltr'>Deorum</span> <span class='ocrx_word' id='word_1_20' title='bbox 266 431 317 493; x_wconf 76' lang='lat' dir='ltr'>ira,</span> <span class='ocrx_word' id='word_1_21' title='bbox 334 429 376 495; x_wconf 88' lang='lat' dir='ltr'>qui</span> <span class='ocrx_word' id='word_1_22' title='bbox 387 428 482 496; x_wconf 78' lang='lat' dir='ltr'>pellem</span> <span class='ocrx_word' id='word_1_23' title='bbox 488 427 522 478; x_wconf 84' lang='lat' dir='ltr'>ab</span> <span class='ocrx_word' id='word_1_24' title='bbox 532 428 580 479; x_wconf 80' lang='lat' dir='ltr'>suia</span> <span class='ocrx_word' id='word_1_25' title='bbox 590 429 703 485; x_wconf 79' lang='lat' dir='ltr'>aversam</span> <span class='ocrx_word' id='word_1_26' title='bbox 713 432 739 480; x_wconf 87' lang='lat' dir='ltr'>in</span> <span class='ocrx_word' id='word_1_27' title='bbox 751 433 833 483; x_wconf 73' lang='lat' dir='ltr'>holin·</span> <span class='ocrx_word' id='word_1_28' title='bbox 845 432 899 491; x_wconf 66' lang='lat' dir='ltr'>ier·¹</span> 
     </span>
     <span class='ocr_line' id='line_1_5' title="bbox 141 508 899 575; baseline -0.003 -14"><span class='ocrx_word' id='word_1_29' title='bbox 141 521 195 571; x_wconf 85' lang='lat' dir='ltr'>ret;</span> <span class='ocrx_word' id='word_1_30' title='bbox 211 509 248 558; x_wconf 83' lang='lat' dir='ltr'>ita</span> <span class='ocrx_word' id='word_1_31' title='bbox 265 508 346 557; x_wconf 86' lang='lat' dir='ltr'>omnis</span> <span class='ocrx_word' id='word_1_32' title='bbox 362 515 443 561; x_wconf 90' lang='lat' dir='ltr'>terrot</span> <span class='ocrx_word' id='word_1_33' title='bbox 458 521 590 574; x_wconf 82' lang='lat' dir='ltr'>pavorque</span> <span class='ocrx_word' id='word_1_34' title='bbox 608 523 667 559; x_wconf 87' lang='lat' dir='ltr'>cum</span> <span class='ocrx_word' id='word_1_35' title='bbox 685 508 728 558; x_wconf 88' lang='lat' dir='ltr'>illo</span> <span class='ocrx_word' id='word_1_36' title='bbox 743 509 808 561; x_wconf 78' lang='lat' dir='ltr'>latus</span> <span class='ocrx_word' id='word_1_37' title='bbox 825 510 899 575; x_wconf 77' lang='lat' dir='ltr'>figua</span> 
     </span>
     <span class='ocr_line' id='line_1_6' title="bbox 142 583 898 655; baseline 0.004 -21"><span class='ocrx_word' id='word_1_38' title='bbox 142 589 225 655; x_wconf 83' lang='lat' dir='ltr'>primo</span> <span class='ocrx_word' id='word_1_39' title='bbox 241 585 390 634; x_wconf 89' lang='lat' dir='ltr'>Latinorum</span> <span class='ocrx_word' id='word_1_40' title='bbox 408 583 535 645; x_wconf 83' lang='lat' dir='ltr'>turbavit;</span> <span class='ocrx_word' id='word_1_41' title='bbox 551 583 640 639; x_wconf 90' lang='lat' dir='ltr'>deiude</span> <span class='ocrx_word' id='word_1_42' title='bbox 656 586 682 637; x_wconf 91' lang='lat' dir='ltr'>in</span> <span class='ocrx_word' id='word_1_43' title='bbox 697 596 776 639; x_wconf 84' lang='lat' dir='ltr'>totam</span> <span class='ocrx_word' id='word_1_44' title='bbox 793 589 898 654; x_wconf 76' lang='lat' dir='ltr'>penitru</span> 
     </span>
    </p>
   </div>
   <div class='ocr_carea' id='block_1_4' title="bbox 97 658 897 2985">
    <p class='ocr_par' dir='ltr' id='par_1_4' title="bbox 140 658 896 730">
     <span class='ocr_line' id='line_1_7' title="bbox 140 658 896 730; baseline -0.008 -17"><span class='ocrx_word' id='word_1_45' title='bbox 140 663 220 714; x_wconf 84' lang='lat' dir='ltr'>aciem</span> <span class='ocrx_word' id='word_1_46' title='bbox 236 660 351 728; x_wconf 75' lang='lat' dir='ltr'>pervasit.</span> <span class='ocrx_word' id='word_1_47' title='bbox 386 658 601 711; x_wconf 81' lang='lat' dir='ltr'>Evidentiffimum</span> <span class='ocrx_word' id='word_1_48' title='bbox 618 660 646 717; x_wconf 90' lang='lat' dir='ltr'>id</span> <span class='ocrx_word' id='word_1_49' title='bbox 662 661 719 726; x_wconf 79' lang='lat' dir='ltr'>fuit,</span> <span class='ocrx_word' id='word_1_50' title='bbox 735 663 814 728; x_wconf 78' lang='lat' dir='ltr'>quod,</span> <span class='ocrx_word' id='word_1_51' title='bbox 831 680 896 730; x_wconf 68' lang='lat' dir='ltr'>qua.</span> 
     </span>
    </p>

    <p class='ocr_par' dir='ltr' id='par_1_5' title="bbox 113 737 897 1350">
     <span class='ocr_line' id='line_1_8' title="bbox 113 737 897 807; baseline 0.001 -19"><span class='ocrx_word' id='word_1_52' title='bbox 113 800 116 806; x_wconf 15' lang='grc' dir='ltr'><strong><em>ἢ</em></strong></span> <span class='ocrx_word' id='word_1_53' title='bbox 140 753 241 804; x_wconf 89' lang='lat' dir='ltr'>cunque</span> <span class='ocrx_word' id='word_1_54' title='bbox 260 752 326 804; x_wconf 90' lang='lat' dir='ltr'>equo</span> <span class='ocrx_word' id='word_1_55' title='bbox 344 737 455 788; x_wconf 78' lang='lat' dir='ltr'>inreiius</span> <span class='ocrx_word' id='word_1_56' title='bbox 471 737 513 800; x_wconf 88' lang='lat' dir='ltr'>est,</span> <span class='ocrx_word' id='word_1_57' title='bbox 530 737 566 786; x_wconf 92' lang='lat' dir='ltr'>ibi</span> <span class='ocrx_word' id='word_1_58' title='bbox 578 738 644 788; x_wconf 89' lang='lat' dir='ltr'>haud</span> <span class='ocrx_word' id='word_1_59' title='bbox 654 738 721 788; x_wconf 86' lang='lat' dir='ltr'>secus</span> <span class='ocrx_word' id='word_1_60' title='bbox 732 743 808 805; x_wconf 75' lang='lat' dir='ltr'>quam</span> <span class='ocrx_word' id='word_1_61' title='bbox 820 739 897 807; x_wconf 86' lang='lat' dir='ltr'>pelii-</span> 
     </span>
     <span class='ocr_line' id='line_1_9' title="bbox 141 808 897 884; baseline -0.001 -16"><span class='ocrx_word' id='word_1_62' title='bbox 141 817 198 868; x_wconf 76' lang='lat' dir='ltr'>fero</span> <span class='ocrx_word' id='word_1_63' title='bbox 217 814 292 866; x_wconf 83' lang='lat' dir='ltr'>fidere</span> <span class='ocrx_word' id='word_1_64' title='bbox 308 815 359 880; x_wconf 82' lang='lat' dir='ltr'>itll,</span> <span class='ocrx_word' id='word_1_65' title='bbox 376 815 518 884; x_wconf 78' lang='lat' dir='ltr'>pavebant:</span> <span class='ocrx_word' id='word_1_66' title='bbox 532 814 578 867; x_wconf 86' lang='lat' dir='ltr'>ubi</span> <span class='ocrx_word' id='word_1_67' title='bbox 596 808 658 871; x_wconf 81' lang='lat' dir='ltr'>verb</span> <span class='ocrx_word' id='word_1_68' title='bbox 675 818 770 869; x_wconf 85' lang='lat' dir='ltr'>corruit</span> <span class='ocrx_word' id='word_1_69' title='bbox 786 817 897 874; x_wconf 74' lang='lat' dir='ltr'>obmnrt</span> 
     </span>
     <span class='ocr_line' id='line_1_10' title="bbox 141 892 897 959; baseline 0.004 -16"><span class='ocrx_word' id='word_1_70' title='bbox 141 893 206 958; x_wconf 78' lang='lat' dir='ltr'>telis,</span> <span class='ocrx_word' id='word_1_71' title='bbox 222 892 279 943; x_wconf 86' lang='lat' dir='ltr'>inde</span> <span class='ocrx_word' id='word_1_72' title='bbox 288 892 341 959; x_wconf 85' lang='lat' dir='ltr'>jam</span> <span class='ocrx_word' id='word_1_73' title='bbox 358 892 511 943; x_wconf 75' lang='lat' dir='ltr'>hauddubie</span> <span class='ocrx_word' id='word_1_74' title='bbox 526 894 682 945; x_wconf 74' lang='lat' dir='ltr'>consternatae</span> <span class='ocrx_word' id='word_1_75' title='bbox 692 895 809 947; x_wconf 75' lang='lat' dir='ltr'>cohorter</span> <span class='ocrx_word' id='word_1_76' title='bbox 821 895 897 951; x_wconf 60' lang='lat' dir='ltr'>Lati,</span> 
     </span>
     <span class='ocr_line' id='line_1_11' title="bbox 141 970 897 1036; baseline -0.001 -12"><span class='ocrx_word' id='word_1_77' title='bbox 141 987 232 1024; x_wconf 88' lang='lat' dir='ltr'>norum</span> <span class='ocrx_word' id='word_1_78' title='bbox 242 970 329 1036; x_wconf 78' lang='lat' dir='ltr'>fugam</span> <span class='ocrx_word' id='word_1_79' title='bbox 339 987 368 1022; x_wconf 90' lang='lat' dir='ltr'>ac</span> <span class='ocrx_word' id='word_1_80' title='bbox 379 971 518 1023; x_wconf 78' lang='lat' dir='ltr'>vastitatem</span> <span class='ocrx_word' id='word_1_81' title='bbox 529 971 577 1020; x_wconf 79' lang='lat' dir='ltr'>late</span> <span class='ocrx_word' id='word_1_82' title='bbox 586 970 706 1032; x_wconf 81' lang='lat' dir='ltr'>feceruut.</span> <span class='ocrx_word' id='word_1_83' title='bbox 720 972 797 1023; x_wconf 82' lang='lat' dir='ltr'>siruul</span> <span class='ocrx_word' id='word_1_84' title='bbox 807 972 836 1025; x_wconf 69' lang='grc' dir='ltr'><strong>ἃ</strong></span> <span class='ocrx_word' id='word_1_85' title='bbox 843 975 897 1023; x_wconf 85' lang='lat' dir='ltr'>Ro·</span> 
     </span>
     <span class='ocr_line' id='line_1_12' title="bbox 139 1049 896 1115; baseline 0.001 -15"><span class='ocrx_word' id='word_1_86' title='bbox 139 1050 216 1113; x_wconf 82' lang='lat' dir='ltr'>mani,</span> <span class='ocrx_word' id='word_1_87' title='bbox 234 1049 352 1100; x_wconf 76' lang='lat' dir='ltr'>exsolutis</span> <span class='ocrx_word' id='word_1_88' title='bbox 369 1049 489 1113; x_wconf 76' lang='lat' dir='ltr'>religione</span> <span class='ocrx_word' id='word_1_89' title='bbox 505 1049 602 1113; x_wconf 82' lang='lat' dir='ltr'>animis,</span> <span class='ocrx_word' id='word_1_90' title='bbox 619 1049 689 1101; x_wconf 82' lang='lat' dir='ltr'>velut</span> <span class='ocrx_word' id='word_1_91' title='bbox 705 1057 760 1099; x_wconf 84' lang='lat' dir='ltr'>tum</span> <span class='ocrx_word' id='word_1_92' title='bbox 779 1049 896 1115; x_wconf 84' lang='lat' dir='ltr'>primum</span> 
     </span>
     <span class='ocr_line' id='line_1_13' title="bbox 141 1126 895 1196; baseline 0.001 -18"><span class='ocrx_word' id='word_1_93' title='bbox 141 1126 212 1193; x_wconf 82' lang='lat' dir='ltr'>ligno</span> <span class='ocrx_word' id='word_1_94' title='bbox 231 1128 290 1181; x_wconf 85' lang='lat' dir='ltr'>dato</span> <span class='ocrx_word' id='word_1_95' title='bbox 310 1130 399 1192; x_wconf 89' lang='lat' dir='ltr'>coorti,</span> <span class='ocrx_word' id='word_1_96' title='bbox 416 1142 527 1196; x_wconf 81' lang='lat' dir='ltr'>pugnam</span> <span class='ocrx_word' id='word_1_97' title='bbox 541 1129 662 1192; x_wconf 76' lang='lat' dir='ltr'>integram</span> <span class='ocrx_word' id='word_1_98' title='bbox 676 1126 814 1181; x_wconf 81' lang='lat' dir='ltr'>ediderunt.</span> <span class='ocrx_word' id='word_1_99' title='bbox 831 1142 895 1179; x_wconf 86' lang='lat' dir='ltr'>narn</span> 
     </span>
     <span class='ocr_line' id='line_1_14' title="bbox 140 1205 895 1273; baseline -0.001 -15"><span class='ocrx_word' id='word_1_100' title='bbox 140 1207 167 1258; x_wconf 68' lang='grc' dir='ltr'>ἃ</span> <span class='ocrx_word' id='word_1_101' title='bbox 176 1207 263 1257; x_wconf 89' lang='lat' dir='ltr'>rorarii</span> <span class='ocrx_word' id='word_1_102' title='bbox 272 1208 448 1273; x_wconf 84' lang='lat' dir='ltr'>procurrebant</span> <span class='ocrx_word' id='word_1_103' title='bbox 455 1207 519 1257; x_wconf 89' lang='lat' dir='ltr'>inter</span> <span class='ocrx_word' id='word_1_104' title='bbox 527 1205 895 1273; x_wconf 75' lang='lat' dir='ltr'>antepilanor,adcliderautque</span> 
     </span>
     <span class='ocr_line' id='line_1_15' title="bbox 140 1282 896 1350; baseline 0.005 -17"><span class='ocrx_word' id='word_1_105' title='bbox 140 1284 208 1333; x_wconf 80' lang='lat' dir='ltr'>vires</span> <span class='ocrx_word' id='word_1_106' title='bbox 225 1282 323 1334; x_wconf 77' lang='lat' dir='ltr'>hastatis</span> <span class='ocrx_word' id='word_1_107' title='bbox 342 1299 371 1333; x_wconf 86' lang='lat' dir='ltr'>ac</span> <span class='ocrx_word' id='word_1_108' title='bbox 385 1283 554 1350; x_wconf 77' lang='lat' dir='ltr'>principibus:</span> <span class='ocrx_word' id='word_1_109' title='bbox 572 1284 598 1335; x_wconf 78' lang='lat' dir='ltr'>dc</span> <span class='ocrx_word' id='word_1_110' title='bbox 615 1283 701 1348; x_wconf 83' lang='lat' dir='ltr'>triarii,</span> <span class='ocrx_word' id='word_1_111' title='bbox 718 1298 784 1348; x_wconf 82' lang='lat' dir='ltr'>genu</span> <span class='ocrx_word' id='word_1_112' title='bbox 799 1282 896 1337; x_wconf 83' lang='lat' dir='ltr'>dextro</span> 
     </span>
    </p>

    <p class='ocr_par' dir='ltr' id='par_1_6' title="bbox 97 1359 895 1582">
     <span class='ocr_line' id='line_1_16' title="bbox 97 1359 895 1427; baseline 0.003 -16"><span class='ocrx_word' id='word_1_113' title='bbox 97 1422 100 1427; x_wconf 37' lang='grc'><strong>,</strong></span> <span class='ocrx_word' id='word_1_114' title='bbox 142 1359 223 1423; x_wconf 76' lang='lat' dir='ltr'>inniti,</span> <span class='ocrx_word' id='word_1_115' title='bbox 236 1369 326 1409; x_wconf 87' lang='lat' dir='ltr'>nutum</span> <span class='ocrx_word' id='word_1_116' title='bbox 337 1359 442 1410; x_wconf 84' lang='lat' dir='ltr'>consulis</span> <span class='ocrx_word' id='word_1_117' title='bbox 453 1360 485 1410; x_wconf 91' lang='lat' dir='ltr'>ad</span> <span class='ocrx_word' id='word_1_118' title='bbox 500 1359 695 1424; x_wconf 79' lang='lat' dir='ltr'>consurgendum</span> <span class='ocrx_word' id='word_1_119' title='bbox 705 1359 895 1427; x_wconf 72' lang='lat' dir='ltr'>exipeiiabaot.</span> 
     </span>
     <span class='ocr_line' id='line_1_17' title="bbox 174 1436 895 1504; baseline -0.008 -15"><span class='ocrx_word' id='word_1_120' title='bbox 174 1441 208 1489; x_wconf 80' lang='lat' dir='ltr'>X.</span> <span class='ocrx_word' id='word_1_121' title='bbox 226 1437 378 1490; x_wconf 83' lang='lat' dir='ltr'>Procedente</span> <span class='ocrx_word' id='word_1_122' title='bbox 390 1436 478 1488; x_wconf 88' lang='lat' dir='ltr'>deinde</span> <span class='ocrx_word' id='word_1_123' title='bbox 495 1439 637 1501; x_wconf 80' lang='lat' dir='ltr'>certamine,</span> <span class='ocrx_word' id='word_1_124' title='bbox 654 1452 732 1504; x_wconf 88' lang='lat' dir='ltr'>quum</span> <span class='ocrx_word' id='word_1_125' title='bbox 746 1437 800 1487; x_wconf 78' lang='lat' dir='ltr'>aliis</span> <span class='ocrx_word' id='word_1_126' title='bbox 811 1440 895 1504; x_wconf 82' lang='lat' dir='ltr'>parti.</span> 
     </span>
     <span class='ocr_line' id='line_1_18' title="bbox 138 1512 893 1582; baseline 0.003 -17"><span class='ocrx_word' id='word_1_127' title='bbox 138 1512 185 1565; x_wconf 80' lang='lat' dir='ltr'>bur</span> <span class='ocrx_word' id='word_1_128' title='bbox 203 1515 338 1567; x_wconf 86' lang='lat' dir='ltr'>multitudo</span> <span class='ocrx_word' id='word_1_129' title='bbox 355 1514 483 1581; x_wconf 86' lang='lat' dir='ltr'>superaret</span> <span class='ocrx_word' id='word_1_130' title='bbox 497 1515 655 1578; x_wconf 78' lang='lat' dir='ltr'>Latinorrun,</span> <span class='ocrx_word' id='word_1_131' title='bbox 672 1516 781 1573; x_wconf 75' lang='lat' dir='ltr'>Manlius</span> <span class='ocrx_word' id='word_1_132' title='bbox 792 1515 893 1582; x_wconf 81' lang='lat' dir='ltr'>consul,</span> 
     </span>
    </p>

    <p class='ocr_par' dir='ltr' id='par_1_7' title="bbox 112 1591 897 2985">
     <span class='ocr_line' id='line_1_19' title="bbox 112 1591 892 1658; baseline -0.001 -14"><span class='ocrx_word' id='word_1_133' title='bbox 112 1626 115 1633; x_wconf 42' lang='grc' dir='ltr'><em>ι</em></span> <span class='ocrx_word' id='word_1_134' title='bbox 138 1592 225 1644; x_wconf 84' lang='lat' dir='ltr'>audito</span> <span class='ocrx_word' id='word_1_135' title='bbox 241 1602 334 1643; x_wconf 84' lang='lat' dir='ltr'>eventu</span> <span class='ocrx_word' id='word_1_136' title='bbox 350 1591 458 1655; x_wconf 80' lang='lat' dir='ltr'>collegae,</span> <span class='ocrx_word' id='word_1_137' title='bbox 476 1605 562 1657; x_wconf 77' lang='lat' dir='ltr'>qutun,</span> <span class='ocrx_word' id='word_1_138' title='bbox 579 1601 608 1640; x_wconf 92' lang='lat' dir='ltr'>ut</span> <span class='ocrx_word' id='word_1_139' title='bbox 623 1592 665 1656; x_wconf 81' lang='lat' dir='ltr'>jur</span> <span class='ocrx_word' id='word_1_140' title='bbox 675 1591 836 1658; x_wconf 75' lang='lat' dir='ltr'>fasqueerat,</span> <span class='ocrx_word' id='word_1_141' title='bbox 853 1594 892 1643; x_wconf 81' lang='lat' dir='ltr'>la-</span> 
     </span>
     <span class='ocr_line' id='line_1_20' title="bbox 137 1668 893 1738; baseline -0.003 -15"><span class='ocrx_word' id='word_1_142' title='bbox 137 1671 222 1723; x_wconf 83' lang='lat' dir='ltr'>crimis</span> <span class='ocrx_word' id='word_1_143' title='bbox 241 1687 292 1722; x_wconf 90' lang='lat' dir='ltr'>non</span> <span class='ocrx_word' id='word_1_144' title='bbox 312 1671 393 1723; x_wconf 78' lang='lat' dir='ltr'>minus</span> <span class='ocrx_word' id='word_1_145' title='bbox 413 1675 488 1737; x_wconf 79' lang='lat' dir='ltr'>quarn</span> <span class='ocrx_word' id='word_1_146' title='bbox 507 1668 621 1723; x_wconf 83' lang='lat' dir='ltr'>laudibus</span> <span class='ocrx_word' id='word_1_147' title='bbox 637 1670 728 1728; x_wconf 78' lang='lat' dir='ltr'>debitis</span> <span class='ocrx_word' id='word_1_148' title='bbox 745 1670 893 1738; x_wconf 77' lang='lat' dir='ltr'>prosecutus</span> 
     </span>
     <span class='ocr_line' id='line_1_21' title="bbox 138 1744 892 1815; baseline 0.003 -18"><span class='ocrx_word' id='word_1_149' title='bbox 138 1757 191 1797; x_wconf 90' lang='lat' dir='ltr'>tam</span> <span class='ocrx_word' id='word_1_150' title='bbox 208 1748 396 1801; x_wconf 78' lang='lat' dir='ltr'>memorabilem</span> <span class='ocrx_word' id='word_1_151' title='bbox 411 1756 519 1797; x_wconf 86' lang='lat' dir='ltr'>mortem</span> <span class='ocrx_word' id='word_1_152' title='bbox 528 1744 601 1808; x_wconf 57' lang='lat' dir='ltr'>effen</span> <span class='ocrx_word' id='word_1_153' title='bbox 618 1746 741 1815; x_wconf 80' lang='lat' dir='ltr'>paulisper</span> <span class='ocrx_word' id='word_1_154' title='bbox 757 1745 892 1801; x_wconf 81' lang='lat' dir='ltr'>addubita-</span> 
     </span>
     <span class='ocr_line' id='line_1_22' title="bbox 138 1823 891 1892; baseline 0 -17"><span class='ocrx_word' id='word_1_155' title='bbox 138 1826 186 1887; x_wconf 88' lang='lat' dir='ltr'>vit,</span> <span class='ocrx_word' id='word_1_156' title='bbox 203 1840 236 1874; x_wconf 88' lang='lat' dir='ltr'>an</span> <span class='ocrx_word' id='word_1_157' title='bbox 247 1823 410 1892; x_wconf 77' lang='lat' dir='ltr'>consurgendi</span> <span class='ocrx_word' id='word_1_158' title='bbox 423 1823 477 1888; x_wconf 85' lang='lat' dir='ltr'>jam</span> <span class='ocrx_word' id='word_1_159' title='bbox 488 1823 577 1875; x_wconf 86' lang='lat' dir='ltr'>triariis</span> <span class='ocrx_word' id='word_1_160' title='bbox 592 1834 689 1892; x_wconf 70' lang='lat' dir='ltr'>tempus</span> <span class='ocrx_word' id='word_1_161' title='bbox 700 1823 772 1875; x_wconf 83' lang='lat' dir='ltr'>effet:</span> <span class='ocrx_word' id='word_1_162' title='bbox 789 1823 891 1890; x_wconf 85' lang='lat' dir='ltr'>deinde,</span> 
     </span>
     <span class='ocr_line' id='line_1_23' title="bbox 138 1901 892 1968; baseline 0.005 -16"><span class='ocrx_word' id='word_1_163' title='bbox 138 1903 225 1953; x_wconf 84' lang='lat' dir='ltr'>melius</span> <span class='ocrx_word' id='word_1_164' title='bbox 235 1914 302 1953; x_wconf 87' lang='lat' dir='ltr'>ratus</span> <span class='ocrx_word' id='word_1_165' title='bbox 313 1904 422 1968; x_wconf 76' lang='lat' dir='ltr'>integros</span> <span class='ocrx_word' id='word_1_166' title='bbox 433 1917 476 1957; x_wconf 80' lang='lat' dir='ltr'>eos</span> <span class='ocrx_word' id='word_1_167' title='bbox 487 1901 518 1952; x_wconf 89' lang='lat' dir='ltr'>ad</span> <span class='ocrx_word' id='word_1_168' title='bbox 535 1903 651 1953; x_wconf 86' lang='lat' dir='ltr'>ultimum</span> <span class='ocrx_word' id='word_1_169' title='bbox 662 1902 792 1955; x_wconf 81' lang='lat' dir='ltr'>discrimen</span> <span class='ocrx_word' id='word_1_170' title='bbox 804 1901 892 1957; x_wconf 61' lang='lat' dir='ltr'>servae</span> 
     </span>
     <span class='ocr_line' id='line_1_24' title="bbox 136 1980 892 2050; baseline 0.003 -22"><span class='ocrx_word' id='word_1_171' title='bbox 136 1980 168 2042; x_wconf 87' lang='lat' dir='ltr'>ri,</span> <span class='ocrx_word' id='word_1_172' title='bbox 185 1980 300 2031; x_wconf 77' lang='lat' dir='ltr'>accensos</span> <span class='ocrx_word' id='word_1_173' title='bbox 311 1981 344 2031; x_wconf 89' lang='lat' dir='ltr'>ab</span> <span class='ocrx_word' id='word_1_174' title='bbox 355 1981 486 2039; x_wconf 80' lang='lat' dir='ltr'>noviffima</span> <span class='ocrx_word' id='word_1_175' title='bbox 496 1980 549 2031; x_wconf 88' lang='lat' dir='ltr'>acie</span> <span class='ocrx_word' id='word_1_176' title='bbox 561 1991 622 2037; x_wconf 78' lang='lat' dir='ltr'>ante</span> <span class='ocrx_word' id='word_1_177' title='bbox 629 1981 696 2045; x_wconf 80' lang='lat' dir='ltr'>figur</span> <span class='ocrx_word' id='word_1_178' title='bbox 707 1982 842 2050; x_wconf 79' lang='lat' dir='ltr'>procedere</span> <span class='ocrx_word' id='word_1_179' title='bbox 847 1981 892 2046; x_wconf 84' lang='lat' dir='ltr'>ju·</span> 
     </span>
     <span class='ocr_line' id='line_1_25' title="bbox 137 2055 892 2126; baseline 0.003 -20"><span class='ocrx_word' id='word_1_180' title='bbox 137 2055 189 2107; x_wconf 89' lang='lat' dir='ltr'>bet.</span> <span class='ocrx_word' id='word_1_181' title='bbox 225 2059 277 2122; x_wconf 79' lang='lat' dir='ltr'>Qui</span> <span class='ocrx_word' id='word_1_182' title='bbox 294 2059 339 2109; x_wconf 90' lang='lat' dir='ltr'>ubi</span> <span class='ocrx_word' id='word_1_183' title='bbox 358 2057 462 2123; x_wconf 81' lang='lat' dir='ltr'>subiere,</span> <span class='ocrx_word' id='word_1_184' title='bbox 479 2059 607 2126; x_wconf 84' lang='lat' dir='ltr'>externplo</span> <span class='ocrx_word' id='word_1_185' title='bbox 621 2059 713 2122; x_wconf 81' lang='lat' dir='ltr'>Latini,</span> <span class='ocrx_word' id='word_1_186' title='bbox 730 2068 852 2124; x_wconf 82' lang='lat' dir='ltr'>tanquam</span> <span class='ocrx_word' id='word_1_187' title='bbox 867 2059 892 2108; x_wconf 86' lang='lat' dir='ltr'>i·</span> 
     </span>
     <span class='ocr_line' id='line_1_26' title="bbox 134 2135 890 2199; baseline 0.004 -14"><span class='ocrx_word' id='word_1_188' title='bbox 134 2135 192 2186; x_wconf 87' lang='lat' dir='ltr'>dem</span> <span class='ocrx_word' id='word_1_189' title='bbox 208 2136 343 2186; x_wconf 83' lang='lat' dir='ltr'>adversarii</span> <span class='ocrx_word' id='word_1_190' title='bbox 361 2135 479 2199; x_wconf 76' lang='lat' dir='ltr'>leolffcrrt,</span> <span class='ocrx_word' id='word_1_191' title='bbox 504 2138 603 2188; x_wconf 75' lang='lat' dir='ltr'>triarios</span> <span class='ocrx_word' id='word_1_192' title='bbox 618 2136 675 2189; x_wconf 76' lang='lat' dir='ltr'>[noe</span> <span class='ocrx_word' id='word_1_193' title='bbox 694 2138 890 2189; x_wconf 77' lang='lat' dir='ltr'>excitaverunt:</span> 
     </span>
     <span class='ocr_line' id='line_1_27' title="bbox 135 2213 890 2283; baseline 0.004 -22"><span class='ocrx_word' id='word_1_194' title='bbox 135 2214 179 2279; x_wconf 86' lang='lat' dir='ltr'>qui</span> <span class='ocrx_word' id='word_1_195' title='bbox 196 2213 339 2276; x_wconf 82' lang='lat' dir='ltr'>aliquandiu</span> <span class='ocrx_word' id='word_1_196' title='bbox 357 2214 439 2283; x_wconf 77' lang='lat' dir='ltr'>pugni</span> <span class='ocrx_word' id='word_1_197' title='bbox 455 2214 536 2264; x_wconf 90' lang='lat' dir='ltr'>atroci</span> <span class='ocrx_word' id='word_1_198' title='bbox 552 2229 629 2279; x_wconf 83' lang='lat' dir='ltr'>quum</span> <span class='ocrx_word' id='word_1_199' title='bbox 640 2215 666 2265; x_wconf 75' lang='lat' dir='ltr'>Bc</span> <span class='ocrx_word' id='word_1_200' title='bbox 682 2213 758 2265; x_wconf 83' lang='lat' dir='ltr'>semet</span> <span class='ocrx_word' id='word_1_201' title='bbox 768 2213 814 2281; x_wconf 76' lang='lat' dir='ltr'>ipfi</span> <span class='ocrx_word' id='word_1_202' title='bbox 827 2215 890 2264; x_wconf 84' lang='lat' dir='ltr'>fati-</span> 
     </span>
     <span class='ocr_line' id='line_1_28' title="bbox 135 2287 890 2359; baseline 0.007 -23"><span class='ocrx_word' id='word_1_203' title='bbox 135 2287 235 2359; x_wconf 72' lang='lat' dir='ltr'>gillent,</span> <span class='ocrx_word' id='word_1_204' title='bbox 252 2288 278 2339; x_wconf 75' lang='lat' dir='ltr'>br</span> <span class='ocrx_word' id='word_1_205' title='bbox 298 2289 376 2339; x_wconf 77' lang='lat' dir='ltr'>haliae</span> <span class='ocrx_word' id='word_1_206' title='bbox 394 2299 438 2340; x_wconf 87' lang='lat' dir='ltr'>aut</span> <span class='ocrx_word' id='word_1_207' title='bbox 457 2290 639 2354; x_wconf 68' lang='lat' dir='ltr'>praefregissent,</span> <span class='ocrx_word' id='word_1_208' title='bbox 663 2302 707 2347; x_wconf 87' lang='lat' dir='ltr'>aut</span> <span class='ocrx_word' id='word_1_209' title='bbox 725 2290 890 2355; x_wconf 76' lang='lat' dir='ltr'>hebetalleut,</span> 
     </span>
     <span class='ocr_line' id='line_1_29' title="bbox 135 2365 888 2436; baseline 0.009 -22"><span class='ocrx_word' id='word_1_210' title='bbox 135 2365 251 2432; x_wconf 85' lang='lat' dir='ltr'>pellerent</span> <span class='ocrx_word' id='word_1_211' title='bbox 268 2365 296 2415; x_wconf 82' lang='lat' dir='ltr'>ri</span> <span class='ocrx_word' id='word_1_212' title='bbox 313 2375 398 2417; x_wconf 75' lang='lat' dir='ltr'>tamen</span> <span class='ocrx_word' id='word_1_213' title='bbox 409 2367 512 2431; x_wconf 82' lang='lat' dir='ltr'>nollem,</span> <span class='ocrx_word' id='word_1_214' title='bbox 528 2368 678 2421; x_wconf 87' lang='lat' dir='ltr'>debellatum</span> <span class='ocrx_word' id='word_1_215' title='bbox 687 2369 740 2432; x_wconf 85' lang='lat' dir='ltr'>jam</span> <span class='ocrx_word' id='word_1_216' title='bbox 754 2369 811 2431; x_wconf 86' lang='lat' dir='ltr'>rati,</span> <span class='ocrx_word' id='word_1_217' title='bbox 828 2384 888 2436; x_wconf 87' lang='lat' dir='ltr'>per·</span> 
     </span>
     <span class='ocr_line' id='line_1_30' title="bbox 135 2435 894 2514; baseline 0.008 -20"><span class='ocrx_word' id='word_1_218' title='bbox 135 2454 290 2510; x_wconf 87' lang='lat' dir='ltr'>ventumque</span> <span class='ocrx_word' id='word_1_219' title='bbox 305 2443 337 2494; x_wconf 92' lang='lat' dir='ltr'>ad</span> <span class='ocrx_word' id='word_1_220' title='bbox 357 2454 496 2497; x_wconf 81' lang='lat' dir='ltr'>extremam</span> <span class='ocrx_word' id='word_1_221' title='bbox 511 2447 590 2499; x_wconf 86' lang='lat' dir='ltr'>aciem</span> <span class='ocrx_word' id='word_1_222' title='bbox 598 2465 606 2509; x_wconf 64' lang='grc' dir='ltr'><strong><em>ς</em></strong></span> <span class='ocrx_word' id='word_1_223' title='bbox 623 2457 676 2497; x_wconf 90' lang='lat' dir='ltr'>tum</span> <span class='ocrx_word' id='word_1_224' title='bbox 687 2445 771 2499; x_wconf 85' lang='lat' dir='ltr'>consul</span> <span class='ocrx_word' id='word_1_225' title='bbox 785 2435 894 2514; x_wconf 47' lang='lat' dir='ltr'>triariiaj</span> 
     </span>
     <span class='ocr_line' id='line_1_31' title="bbox 134 2512 897 2593; baseline 0.008 -20"><span class='ocrx_word' id='word_1_226' title='bbox 134 2521 259 2587; x_wconf 73' lang='lat' dir='ltr'>consurgite</span> <span class='ocrx_word' id='word_1_227' title='bbox 275 2537 337 2593; x_wconf 72' lang='lat' dir='ltr'>nnnc,</span> <span class='ocrx_word' id='word_1_228' title='bbox 359 2522 450 2588; x_wconf 88' lang='lat' dir='ltr'>inquit,</span> <span class='ocrx_word' id='word_1_229' title='bbox 472 2524 552 2592; x_wconf 81' lang='lat' dir='ltr'>integri</span> <span class='ocrx_word' id='word_1_230' title='bbox 571 2526 673 2591; x_wconf 68' lang='lat' dir='ltr'>advesur</span> <span class='ocrx_word' id='word_1_231' title='bbox 688 2524 763 2592; x_wconf 75' lang='lat' dir='ltr'>seffor,</span> <span class='ocrx_word' id='word_1_232' title='bbox 779 2512 897 2579; x_wconf 54' lang='lat' dir='ltr'>mentorer&#39;</span> 
     </span>
     <span class='ocr_line' id='line_1_32' title="bbox 131 2599 892 2670; baseline 0.013 -23"><span class='ocrx_word' id='word_1_233' title='bbox 131 2599 211 2665; x_wconf 77' lang='lat' dir='ltr'>palriae</span> <span class='ocrx_word' id='word_1_234' title='bbox 217 2609 371 2666; x_wconf 77' lang='lat' dir='ltr'>parentunrqcle</span> <span class='ocrx_word' id='word_1_235' title='bbox 383 2601 412 2652; x_wconf 74' lang='lat' dir='ltr'>dr</span> <span class='ocrx_word' id='word_1_236' title='bbox 422 2602 568 2670; x_wconf 67' lang='lat' dir='ltr'>ceajrguma</span> <span class='ocrx_word' id='word_1_237' title='bbox 578 2604 707 2664; x_wconf 64' lang='lat' dir='ltr'>liberorum</span> <span class='ocrx_word' id='word_1_238' title='bbox 724 2619 829 2654; x_wconf 81' lang='lat' dir='ltr'>memores</span> <span class='ocrx_word' id='word_1_239' title='bbox 837 2620 892 2657; x_wconf 64' lang='lat' dir='ltr'>corr-</span> 
     </span>
     <span class='ocr_line' id='line_1_33' title="bbox 128 2673 891 2740; baseline 0.009 -13"><span class='ocrx_word' id='word_1_240' title='bbox 128 2673 185 2736; x_wconf 68' lang='lat' dir='ltr'>snlir</span> <span class='ocrx_word' id='word_1_241' title='bbox 192 2686 235 2740; x_wconf 83' lang='lat' dir='ltr'>pro</span> <span class='ocrx_word' id='word_1_242' title='bbox 246 2677 320 2738; x_wconf 79' lang='lat' dir='ltr'>vestra</span> <span class='ocrx_word' id='word_1_243' title='bbox 331 2676 425 2729; x_wconf 75' lang='lat' dir='ltr'>villaria</span> <span class='ocrx_word' id='word_1_244' title='bbox 434 2688 504 2730; x_wconf 78' lang='lat' dir='ltr'>morte</span> <span class='ocrx_word' id='word_1_245' title='bbox 514 2679 658 2731; x_wconf 67' lang='lat' dir='ltr'>accendentis.</span> <span class='ocrx_word' id='word_1_246' title='bbox 675 2681 725 2731; x_wconf 85' lang='lat' dir='ltr'>Ubi</span> <span class='ocrx_word' id='word_1_247' title='bbox 736 2678 814 2733; x_wconf 84' lang='lat' dir='ltr'>triarii</span> <span class='ocrx_word' id='word_1_248' title='bbox 824 2698 891 2734; x_wconf 85' lang='lat' dir='ltr'>con-</span> 
     </span>
     <span class='ocr_line' id='line_1_34' title="bbox 134 2750 890 2822; baseline 0.013 -21"><span class='ocrx_word' id='word_1_249' title='bbox 134 2750 293 2806; x_wconf 84' lang='lat' dir='ltr'>surrexerunt</span> <span class='ocrx_word' id='word_1_250' title='bbox 308 2754 407 2819; x_wconf 80' lang='lat' dir='ltr'>integri,</span> <span class='ocrx_word' id='word_1_251' title='bbox 423 2755 601 2822; x_wconf 79' lang='lat' dir='ltr'>refulgentibus</span> <span class='ocrx_word' id='word_1_252' title='bbox 614 2760 696 2821; x_wconf 79' lang='lat' dir='ltr'>armis,</span> <span class='ocrx_word' id='word_1_253' title='bbox 713 2774 782 2810; x_wconf 86' lang='lat' dir='ltr'>nova</span> <span class='ocrx_word' id='word_1_254' title='bbox 792 2776 826 2810; x_wconf 88' lang='lat' dir='ltr'>ex</span> <span class='ocrx_word' id='word_1_255' title='bbox 837 2763 890 2813; x_wconf 71' lang='lat' dir='ltr'>inr-</span> 
     </span>
     <span class='ocr_line' id='line_1_35' title="bbox 134 2829 890 2902; baseline 0.019 -23"><span class='ocrx_word' id='word_1_256' title='bbox 134 2829 237 2894; x_wconf 89' lang='lat' dir='ltr'>proviso</span> <span class='ocrx_word' id='word_1_257' title='bbox 255 2843 343 2884; x_wconf 87' lang='lat' dir='ltr'>exorta</span> <span class='ocrx_word' id='word_1_258' title='bbox 359 2834 432 2898; x_wconf 88' lang='lat' dir='ltr'>acies,</span> <span class='ocrx_word' id='word_1_259' title='bbox 449 2837 554 2902; x_wconf 78' lang='lat' dir='ltr'>receptis</span> <span class='ocrx_word' id='word_1_260' title='bbox 571 2837 597 2886; x_wconf 91' lang='lat' dir='ltr'>in</span> <span class='ocrx_word' id='word_1_261' title='bbox 616 2837 746 2888; x_wconf 82' lang='lat' dir='ltr'>intervalla</span> <span class='ocrx_word' id='word_1_262' title='bbox 766 2838 890 2893; x_wconf 84' lang='lat' dir='ltr'>ordinum</span> 
     </span>
     <span class='ocr_line' id='line_1_36' title="bbox 132 2909 889 2985; baseline 0.015 -28"><span class='ocrx_word' id='word_1_263' title='bbox 132 2909 288 2974; x_wconf 74' lang='lat' dir='ltr'>antepilanis,</span> <span class='ocrx_word' id='word_1_264' title='bbox 305 2912 413 2962; x_wconf 87' lang='lat' dir='ltr'>clamore</span> <span class='ocrx_word' id='word_1_265' title='bbox 427 2911 524 2964; x_wconf 87' lang='lat' dir='ltr'>sublato</span> <span class='ocrx_word' id='word_1_266' title='bbox 535 2916 656 2982; x_wconf 83' lang='lat' dir='ltr'>principia</span> <span class='ocrx_word' id='word_1_267' title='bbox 668 2916 816 2967; x_wconf 84' lang='lat' dir='ltr'>Latinorum</span> <span class='ocrx_word' id='word_1_268' title='bbox 828 2935 889 2985; x_wconf 53' lang='lat' dir='ltr'>perf</span> 
     </span>
    </p>
   </div>
   <div class='ocr_carea' id='block_1_5' title="bbox 133 2984 889 3119">
    <p class='ocr_par' dir='ltr' id='par_1_8' title="bbox 133 2984 889 3119">
     <span class='ocr_line' id='line_1_37' title="bbox 133 2984 889 3062; baseline 0.016 -26"><span class='ocrx_word' id='word_1_269' title='bbox 133 2984 246 3039; x_wconf 82' lang='lat' dir='ltr'>turbant.</span> <span class='ocrx_word' id='word_1_270' title='bbox 263 2987 384 3058; x_wconf 77' lang='lat' dir='ltr'>uallique</span> <span class='ocrx_word' id='word_1_271' title='bbox 398 3005 445 3044; x_wconf 84' lang='lat' dir='ltr'>ora</span> <span class='ocrx_word' id='word_1_272' title='bbox 458 2991 590 3060; x_wconf 74' lang='lat' dir='ltr'>lodicula,</span> <span class='ocrx_word' id='word_1_273' title='bbox 607 2994 801 3062; x_wconf 75' lang='lat' dir='ltr'>primo-robore</span> <span class='ocrx_word' id='word_1_274' title='bbox 812 2999 889 3048; x_wconf 60' lang='lat' dir='ltr'>viro,</span> 
     </span>
     <span class='ocr_line' id='line_1_38' title="bbox 821 3079 884 3119; baseline 0 0"><span class='ocrx_word' id='word_1_275' title='bbox 821 3079 884 3119; x_wconf 84' lang='lat' dir='ltr'>rum</span> 
     </span>
    </p>
   </div>
   <div class='ocr_carea' id='block_1_6' title="bbox 0 0 986 3660">
    <p class='ocr_par' dir='ltr' id='par_1_9' title="bbox 0 0 986 3660">
     <span class='ocr_line' id='line_1_39' title="bbox 0 0 986 3660; baseline 0 1"><span class='ocrx_word' id='word_1_276' title='bbox 0 0 986 3660; x_wconf 95' lang='lat' dir='ltr'> </span> 
     </span>
    </p>
   </div>
  </div>
 </body>
</html>
