1964 3660
328 220 552 274 LIBERI.
782 235 813 281 ις

64 313 140 380 eique
150 311 215 362 sacra
222 311 305 360 omnia
314 310 435 377 exscripta
443 309 614 374 exsignataque
622 307 735 357 attribuit
741 327 748 368 ;
760 309 815 372 qui-

67 389 115 439 bus
134 388 225 450 hostiis,
243 386 330 451 quibus
345 383 486 448 dicbus,>ad
505 400 558 450 quae
576 385 666 460 templa
689 383 754 431 saera
771 382 815 431 fie-
884 394 887 401 ·

66 477 132 529 rent,
149 477 223 531 atque
238 462 306 512 unde
318 464 343 512 in
357 478 398 513 eos
417 461 526 529 sumptus
546 462 649 527 pecunia
663 472 815 524 erogaretur.

63 549 158 596 'Cetera
169 556 269 608 quoque
283 543 367 590 omnia
377 541 475 608 publica
489 541 634 607 privataque
653 538 720 587 sacra
731 540 815 588 Ponti-

67 622 123 672 ficis
132 620 196 670 scitis
206 618 321 681 subjecit:
334 628 363 667 ut
374 615 437 680 esset,
450 620 500 682 qud
511 615 646 665 consultum
655 616 736 682 plebes
745 617 815 666 veni-

68 710 124 759 ret;
141 713 172 746 ne
182 695 240 763 quid
249 695 329 744 divini
335 694 405 758 juris,
417 691 562 757 negligendo
573 694 664 759 patrios
673 694 740 756 ritus,
750 708 817 760 pere·

70 775 202 841 grinosque
217 770 380 836 adsciscendo,
401 771 547 819 turbaretur.
581 773 634 819 Nec
648 769 751 819 coelestes
761 787 817 821 mo·
903 796 905 801 ·

66 853 105 903 do
125 850 281 912 ceremonias,
299 848 340 897 sed
358 847 420 911 julla
435 860 534 912 quoque
548 845 661 895 funebria
677 847 818 914 placandos·

69 945 120 998 que
131 933 225 991 Manes,
240 937 269 976 ut
277 925 343 976 idem
352 923 468 975 Pontifex
479 923 606 984 edoceret,
622 939 724 989 quaque
735 925 818 992 prodi-

70 1007 120 1072 gia,
136 1004 276 1055 fulminibus
287 1003 369 1053 aliove
381 1016 431 1068 quo
440 999 496 1050 visu
508 999 582 1063 missa,
594 1000 771 1066 susciperentur
782 1013 820 1050 at·
882 1054 886 1061 ,

71 1098 122 1150 que
133 1092 288 1133 curarentur:
311 1080 342 1131 ad
355 1097 385 1130 ea
399 1078 519 1130 elicienda
535 1092 568 1129 ex
587 1079 710 1129 mentibus
720 1079 821 1142 divinis,
837 1040 884 1158 li,
869 1074 906 1119 ‘V'
921 1082 932 1101 Γ

72 1162 134 1227 Jovi
147 1161 226 1209 Elicio
242 1175 309 1208 aram
321 1159 346 1210 in
363 1158 490 1208 Aventino
501 1157 603 1223 dicavit,
621 1161 752 1224 Deumque
763 1172 821 1209 con-
854 1164 868 1195 s

71 1238 149 1291 suluit
166 1237 281 1302 auguriis,
299 1253 352 1304 qua
363 1234 512 1302 suscipienda
523 1233 605 1285 esl'etst.

108 1315 180 1362 XXI.
200 1311 239 1360 Ad
256 1313 306 1360 haec
320 1311 476 1366 consultanda
485 1310 694 1378 procurandaque,
708 1309 821 1360 multitu·

73 1387 131 1438 dine
143 1388 210 1437 omni
219 1393 233 1436 a
242 1388 269 1435 vi
279 1389 303 1436 ἀ
312 1389 383 1437 armis
396 1387 522 1451 conversi,
532 1388 557 1437 a
565 1387 641 1436 animi
649 1387 740 1452 aliquid
748 1401 822 1450 agen·

74 1465 108 1516 do
122 1465 242 1531 ‘occupati
263 1474 340 1529 erant,
363 1465 389 1514 ἃ
405 1468 517 1514 Deorum
533 1463 622 1514 assidua
634 1462 735 1512 insidens
752 1479 822 1527 eura,

74 1557 152 1608 quum
162 1541 271 1590 interesse
279 1543 350 1592 rebus
359 1542 470 1592 humanit
478 1542 568 1591 coelesle
578 1545 677 1592 Numen
688 1541 822 1628 videretur,

79 1619 108 1666 ed
119 1619 208 1684 pietate
220 1619 331 1666 omnium
343 1618 440 1684 pellona
450 1618 579 1683 imbuerat,
595 1629 624 1667 ut
636 1617 694 1668 fides
705 1635 733 1667 ac
743 1618 822 1697 jusju-

75 1695 187 1759 randum,
210 1693 326 1761 proximo
342 1696 424 1760 legum
446 1712 475 1745 ac
492 1711 619 1764 poenamm
637 1706 712 1759 metu,
733 1687 823 1746 civita·
836 1684 839 1688 ⁴

76 1784 128 1822 tem
139 1783 257 1835 regerent
286 1773 311 1823 δι
328 1788 405 1839 quum
415 1764 459 1840 ipsi
476 1773 499 1822 se
511 1773 640 1823 homines'
633 1791 659 1822 ιιι
670 1774 741 1837 regie,
754 1773 824 1826 velut

76 1848 143 1897 unici
160 1849 275 1937 exempli,
295 1864 375 1898 mores
392 1849 544 1911 sormarent;
566 1860 619 1900 tum
636 1849 734 1898 finitimi
749 1851 824 1900 etiam

77 1925 172 1993 populi,
184 1925 302 1989 quiante,
315 1925 397 1988 castra,
414 1940 466 1975 non
477 1927 571 1989 urbem,
592 1924 712 1991 positam
705 1942 730 1973 ιιι
741 1926 825 1976 medio

31 2062 33 2066 y
76 2000 109 2051 ad
126 1999 302 2050 sollicitandam
315 2014 428 2048 omnium
440 2013 534 2066 pacem
552 1992 734 2063 ciedidcrant,'
728 2016 754 2049 ιιι
771 2016 826 2052 eam

77 2077 251 2128 verecundiam
261 2074 360 2126 addudli
374 2074 437 2139 sunt,
455 2086 484 2124 ut
494 2075 629 2140 civitatem,
648 2085 726 2125 totam
736 2076 762 2126 in
774 2077 825 2126 cul-

78 2165 133 2203 tum
147 2153 241 2203 versam
252 2156 372 2218 Deorum,
391 2152 481 2202 violari
497 2150 614 2202 ducerent
632 2151 708 2202 nefas.
741 2155 826 2205 Lucus

78 2239 139 2292 erat,
156 2243 228 2293 quem
239 2227 350 2277 medium
361 2242 482 2295 tropaeo
494 2226 567 2295 specu
578 2227 633 2279 sons
649 2233 748 2296 perenni
760 2231 826 2295 riga-

77 2304 122 2355 bat
132 2304 203 2370 aqufa,
220 2307 269 2370 quo
281 2305 339 2369 quia
357 2302 381 2353 se
392 2302 497 2371 persaepe
510 2307 592 2354 Numa
603 2305 652 2353 sinc
661 2306 767 2371 arbitris,
780 2323 825 2357 ve-

79 2381 116 2430 lut
136 2380 167 2429 ad
183 2380 334 2444 congressum
346 2384 412 2445 Deae,
435 2374 564 2447 inscrebat,
585 2384 698 2433 Camenis
715 2399 773 2433 eum
786 2383 825 2433 lu-

79 2472 138 2506 cum
150 2455 267 2518 sacravit;
285 2456 351 2524 quod
370 2473 454 2507 earum
472 2458 508 2509 ibi
519 2459 625 2515 concilia
642 2476 699 2510 cum
719 2460 826 2524 conjuge

79 2534 123 2584 sua
134 2534 222 2597 Egeria
233 2532 315 2583 essent.
339 2537 372 2584 Et
382 2534 506 2586 soliFidei
518 2537 615 2587 solenne
627 2537 738 2587 instituit.
758 2536 789 2587 ad
800 2536 827 2588 id

80 2610 212 2660 sacrarium
220 2613 327 2662 flamines
336 2612 407 2678 bigis,
421 2629 494 2664 curru
505 2625 613 2678 arcuato,
620 2615 682 2684 ,vehi
690 2615 764 2678 jussit,
773 2630 827 2663 ma-

79 2702 166 2753 nuque
176 2687 208 2738 ad
215 2688 308 2754 ,digitos
318 2690 394 2757 usquc
414 2691 527 2742 involuta
544 2707 595 2741 rem
607 2692 718 2742 divinam
729 2691 827 2741 saeerer

79 2763 243 2828 significantes
262 2763 335 2815 fidem
353 2767 489 2833 tutandam,
512 2767 674 2832 sedemque
652 2783 703 2830 eJus
715 2767 790 2814 etiam
801 2767 828 2819 in

80 2838 174 2889 dextris
184 2840 300 2891 sacratam
311 2842 365 2892 esl'e.
399 2845 481 2893 Multa
491 2844 539 2893 alia
549 2844 665 2894 sacrificia
674 2845 776 2909 locaque
790 2842 826 2894 sa·

81 2916 129 2964 cris
137 2902 260 2982 faciendis,
277 2934 331 2985 quae
343 2923 437 2984 Argeos
448 2919 576 2988 pontifices
585 2930 684 2982 vocant,
693 2919 826 2976 dedicavit.

81 2993 202 3049 Omnium
220 3004 304 3048 tamen
322 2996 462 3051 maximum
481 2999 533 3064 ejus
548 3013 653 3068 operum
670 2958 718 3051 suit
742 3000 827 3060 tutela,

468 3077 490 3132 Β
777 3079 828 3146 ‘per
