1964 3660
370 155 540 208 urrur
572 154 609 206 v.
811 162 864 220 εις·

113 248 170 301 litte
186 262 270 313 manu,
287 244 339 316 spes
359 247 425 297 nulla
444 245 510 311 esset,
527 246 628 314 placuit,
645 259 704 297 cum
714 243 864 310 conjugibus
955 288 957 293 .

84 385 86 393 Ι
115 341 145 375 ac
156 325 239 378 liberis
255 324 415 388 juventutem
431 323 562 373 militarem
578 321 722 390 senatithue
742 322 820 373 robur
835 323 865 376 in

115 398 198 454 arcem
211 404 411 472 Capitoliumque
422 400 570 453 concedere:
586 402 708 468 armisque
720 400 745 453 dc
757 400 865 452 immen-

114 478 258 544 recedatis,
273 493 307 529 ex
326 479 382 528 loco
394 476 451 528 inde
462 477 560 528 munito
574 479 642 528 Deos
659 475 820 543 hominesque
837 475 865 548 dc

115 556 258 608 Romanum
277 570 368 607 nomen
386 553 525 606 defendere.
559 553 696 606 flaminem
716 550 865 606 sacerdotes·

116 648 165 698 que
177 633 284 686 Vestales
300 634 367 685 sacra
384 632 506 700 publicai
518 631 592 698 code,
608 633 641 684 ab
649 632 769 685 incendiis
776 628 867 700 procul

116 710 213 763 auferre
224 731 230 764 :
247 729 293 764 nec
304 715 362 764 ante
375 711 452 762 deseri
463 708 557 762 cultum
565 726 659 774 cortun,
676 717 750 779 quim
761 726 812 762 non
823 709 867 761 su-

116 787 245 855 peressent,
257 791 299 857 qui
309 788 427 839 colerent.
437 787 461 838 si
472 801 519 838 arx
527 787 733 854 Capitoliumque,
740 786 806 837 sedes
813 788 866 836 De·
953 782 957 790 '

116 884 199 934 orum,
216 866 348 933 serenatus,
366 877 440 936 caput
451 864 544 934 publici
556 864 658 932 confilii,
674 866 692 916 fi
705 865 817 916 militaris
826 866 867 932 ju-

116 960 207 999 ventus
225 948 373 1017 superfuerit
387 944 527 1003 imminenti
538 945 614 997 tirinae
625 944 701 1012 urbis,
718 945 817 997 facilem
824 945 865 1010 ja·
959 955 972 976 ⁴

91 1019 211 1079 ‘'tibram
222 1025 268 1077 else
284 1026 418 1089 seniorum,
434 1021 522 1076 relitlae
533 1023 558 1075 in
575 1023 636 1074 urbe
649 1023 736 1090 utique
751 1021 867 1092 peritura
952 1055 957 1061 »

116 1102 205 1156 turha.
224 1105 257 1170 δι,
274 1102 361 1172 quo'id
380 1103 487 1170 equiore
506 1103 592 1155 animo
602 1101 632 1152 de
648 1101 720 1170 plebe
730 1100 868 1154 multitudo

116 1182 201 1248 ferret,
218 1183 286 1234 senes
304 1182 462 1250 triumphales
478 1179 665 1248 consularesque
681 1179 751 1232 simul
768 1179 793 1232 se
807 1196 866 1234 cum
909 1198 911 1202 ⁴

118 1261 165 1312 illis
177 1262 258 1328 palam
268 1261 347 1312 dicere
358 1261 486 1324 obituros;
502 1276 547 1312 nec
558 1261 596 1312 his
605 1260 758 1328 corporibus,
776 1260 868 1327 quibua

118 1356 171 1393 uon
182 1356 251 1390 arma
262 1341 334 1406 ferre,
350 1355 401 1391 non
412 1343 475 1392 tucri
485 1341 592 1410 patriam
601 1338 704 1409 possent,
720 1352 869 1396 oneraturos
936 1367 938 1375 ·

62 1414 64 1421 ’
123 1417 235 1484 inopiam
246 1427 406 1469 armatorum.

126 1542 130 1547 .
152 1496 210 1546 XL.
220 1498 279 1546 Haec
291 1496 354 1546 inter
366 1493 472 1546 seniores
480 1495 557 1546 morti
566 1493 792 1561 destimtocjaiiata
803 1496 868 1549 sola·

118 1572 162 1624 tia·
176 1571 257 1624 Versae
266 1573 322 1624 inde
331 1573 515 1654 adhortationes
524 1573 555 1624 ad
563 1590 652 1640 agmen
661 1574 793 1639 juvenum,
803 1590 868 1642 quot

95 1707 105 1723 κ
118 1654 144 1703 in
153 1652 383 1719 Capitoliumatquc
390 1652 503 1700 inarcem
511 1649 729 1718 prosequebantur,
739 1667 868 1703 commen-

116 1730 202 1782 dantes
211 1730 301 1780 virtuti
308 1745 395 1778 eorum
402 1728 561 1792 juventaeque
569 1729 639 1779 urbis
647 1745 691 1798 per
702 1739 823 1803 trecentos
832 1731 870 1783 set

118 1806 221 1870 :aginta
229 1821 307 1856 annos
318 1805 433 1855 omnibus
441 1802 634 1870 bellicvittrice,
651 1820 801 1872 quecunque
810 1808 869 1858 reli·

120 1900 168 1949 qua
180 1882 245 1946 esset,
257 1884 392 1952 fortunam.
410 1881 620 1948 Digredientibus,
634 1883 678 1949 qui
688 1883 756 1951 spem
769 1900 870 1937 omnem

119 1971 195 2026 atque
205 1976 279 2027 opem
289 1961 371 2010 secum
381 1958 501 2025 serebant,
512 1959 543 2008 ab
552 1959 591 2024 iit,
603 1960 646 2026 qui
655 1971 731 2028 captae
741 1960 808 2031 urbis
816 1977 871 2014 non

120 2033 238 2106 superesle
255 2038 386 2088 statuerant
397 2038 586 2104 exitio;.quum
602 2037 655 2106 ipsa
673 2053 711 2088 ree
728 2036 871 2106 speciesque

118 2114 263 2166 miserabilis
274 2127 334 2182 erat,
351 2127 406 2166 mm
415 2114 543 2177 muliebris
552 2117 624 2167 fletur
635 2116 824 2169 &concursatio
832 2119 870 2172 in·

120 2204 195 2259 certa,
213 2193 471 2246 nunchosnuncillos
482 2194 643 2260 sequentium,
660 2194 872 2264 rogitantiumque

120 2271 188 2323 titos
199 2271 327 2338 natosque,
345 2272 386 2322 cui
403 2271 428 2322 se
441 2271 497 2323 sato⁴
506 2271 600 2338 darent,
617 2272 686 2339 nihil,
704 2272 770 2340 quod
781 2275 870 2325 huma·

116 2351 157 2403 his
167 2349 298 2418 superesset
316 2351 395 2415 malis,
413 2349 594 2417 relinquebant.
619 2366 708 2416 magna
719 2367 774 2420 pars
786 2363 872 2405 tamen

120 2428 243 2478 earum'in
262 2444 344 2478 arcem
360 2426 416 2478 suot
433 2427 568 2495 prosecute
584 2427 650 2493 sunt,
667 2445 710 2478 nec
722 2429 872 2497 prohibente

116 2503 181 2568 ¹ullo,
197 2519 244 2553 nec
256 2515 377 2554 vocante:
395 2505 460 2568 quia,
478 2505 545 2570 quod
555 2504 617 2554 utile
628 2504 724 2554 obsessis
738 2505 769 2555 ad
787 2506 870 2555 minu-

84 2636 85 2640 ,
121 2583 210 2633 endam
222 2581 347 2632 imbellem
359 2581 550 2650 multitudinem,
568 2581 593 2632 id
604 2596 690 2650 parum
702 2582 835 2632 humanum
847 2597 872 2630 e-

120 2669 168 2710 rat.
203 2656 380 2708 Alia-maxime
394 2656 471 2724 plebis
483 2656 563 2720 turba,
580 2673 653 2722 quam
664 2672 709 2706 nec
720 2673 806 2725 capere
818 2669 873 2709 tam

121 2739 227 2802 exiguus
238 2736 316 2801 collis,
333 2752 377 2786 nec
388 2736 452 2786 alere
464 2737 490 2786 iu
499 2746 568 2786 tanta
578 2736 663 2804 inopia
673 2736 791 2786 frumenti
800 2747 872 2806 pote·

116 2827 168 2880 pat,
186 2830 219 2865 ex
229 2815 291 2864 urbe
308 2813 383 2865 effusa
398 2815 469 2866 velut
479 2815 576 2879 agmine
586 2814 638 2878 jam
654 2829 705 2864 uno
717 2815 789 2882 petiit
801 2816 872 2879 Jani·

121 2893 216 2943 culum.
233 2891 291 2942 inde
308 2907 363 2960 pars
376 2907 419 2958 per
433 2907 505 2956 agros
516 2890 609 2960 dilapsi,
627 2905 685 2959 pare
699 2892 772 2943 urbes
785 2901 876 2960 petunt

116 2967 249 3040 finitimae,
264 2965 314 3025 hut
330 2969 381 3024 ullo
399 2969 461 3026 duce
479 2978 523 3020 aut
539 2966 670 3040 consensu,
684 2967 753 3028 suam
770 2968 876 3038 quisque

481 3049 507 3120 .⁰
522 3050 542 3123 ⁶.
793 3046 876 3119 spem,

945 3152 957 3178 N
