1964 3660
175 235 224 294 316
437 232 474 284 Τ.
508 233 602 284 LIV
619 232 663 283 11
701 233 704 237 ’

173 322 270 378 tempore
288 309 413 379 defiderinm
425 313 463 379 ¹sui
484 312 572 361 civitati
590 313 679 378 ingrate
691 311 802 376 facerent.
836 309 924 363 absent

172 390 313 458 quindecim
324 390 432 440 millibus
442 391 526 454 gravis
537 393 591 440 reris
602 390 742 440 damnatur.

206 471 333 518 XXXIII.
353 460 465 536 Expulso
476 468 540 529 cive,
559 482 608 533 quo
619 479 742 530 manente,
760 466 922 533 siquicquant

114 559 116 563 ·
171 548 337 601 humanorum
355 548 416 598 certi
433 547 474 610 est,
492 548 548 613 capi
566 550 647 596 Roma
663 561 716 597 non
731 556 860 613 potuerat;
877 542 922 596 adss

170 635 289 674 ventante
307 624 375 674 fatali
392 626 448 675 urbi
464 624 546 688 clade,
563 625 638 688 legati
648 624 681 674 ab
695 623 796 674 Clusinis
807 625 923 688 veniunt,

170 704 295 756 auxilium
302 702 421 756 adversus
434 704 519 753 Gallos
530 713 648 771 petentes.
683 704 745 752 Eam
760 711 859 766 gentem
872 714 921 752 tra·

101 815 104 829 s
169 782 325 847 ditrutam,
343 783 471 833 dulcedine
489 782 595 847 frugum
607 780 763 846 maximeque
774 780 837 844 vini,
854 780 924 831 novi

169 872 224 912 tum
243 857 388 930 voluptatc‚'
400 873 505 930 captam,
524 862 598 928 Alpes
617 858 733 923 transisse,
751 858 872 925 agrosque
888 859 923 911 ab

168 939 277 990 Etruscis
288 944 344 990 ante
355 941 434 992 cultos
443 939 587 1008 possedisse:
602 938 627 989 &
639 937 760 987 invexisse
771 938 797 987 in
810 937 920 988 Galliam

168 1019 258 1068 vinum
270 1016 396 1069 illiciendae
407 1019 486 1084 gentle
507 1017 578 1067 cauri
593 1019 715 1066 ineuntem
728 1014 860 1079 clusinum,
878 1016 917 1065 iri

130 1116 137 1129 ν
169 1108 293 1164 corrupte
303 1099 390 1148 uxoris
400 1097 431 1147 ab
440 1099 595 1159 Lucumone,
605 1096 645 1145 cui
657 1104 725 1144 tutor
736 1094 756 1142 it
767 1090 847 1143 suerat
854 1094 919 1162 ipse,

169 1187 323 1244 praepotente
331 1177 433 1240 juvene,
451 1176 476 1225 ἀ
487 1181 502 1224 a
514 1189 565 1241 quo
579 1174 664 1240 expeti
672 1188 758 1240 poenae,
775 1170 819 1222 nisi
835 1183 919 1222 exter-

169 1267 202 1302 na
214 1253 252 1301 vis
263 1252 360 1318 quaelita
371 1253 436 1316 esset,
453 1253 590 1318 nequitent.
608 1252 674 1300 hunc
686 1248 867 1300 transeuntibus
875 1250 921 1299 Al·

169 1345 213 1398 pes
229 1329 326 1393 ducem,
343 1329 517 1395 ausloremque
536 1331 644 1382 Clufium
661 1330 821 1407 oppugnandi
838 1329 918 1382 fuisse.

170 1407 292 1472 Equidem
307 1407 376 1457 haud
391 1407 527 1469 abnuerim,
547 1407 654 1459 ciuium
667 1410 753 1460 Gallos
762 1409 796 1459 ab
813 1413 919 1473 Arunte,

168 1483 211 1535 seu
226 1501 277 1552 quo
288 1485 338 1534 alio
352 1485 458 1547 Clufino,
470 1483 604 1536 adibilios:
618 1486 663 1536 ,sed
673 1503 723 1551 ens,
735 1487 778 1553 qui
790 1501 920 1555 oppugna

168 1564 253 1613 verint
272 1562 388 1637 Clusium,
403 1579 455 1615 uon
473 1561 552 1628 suisIe,
569 1566 613 1631 qui
631 1566 705 1632 primi
723 1566 800 1633 Alpes
811 1563 918 1624 ‚transref
969 1605 974 1609 .

167 1642 226 1704 rint,
244 1640 300 1692 satie
315 1643 418 1693 constat.
437 1641 547 1693 ducentis
566 1644 659 1712 quippe
671 1645 826 1706 annisaute,
843 1647 918 1710 quim

168 1719 278 1770 Clusium
289 1731 470 1788 oppugnarent,
486 1721 622 1789 urbemque
634 1725 739 1774 Romam
749 1732 873 1790 caperent,
890 1721 918 1772 in

168 1799 267 1850 Italiam
278 1800 344 1863 Galli
361 1799 560 1852 transcenderint
571 1819 578 1850 :
595 1815 641 1851 nee
653 1816 710 1866 cum
716 1801 756 1849 hit
764 1800 872 1867 primum
883 1801 917 1848 E·

166 1877 315 1941 muscetum,
330 1876 464 1929 sed-multo
477 1882 537 1929 ante
548 1894 605 1931 oum
619 1880 656 1942 iir,
674 1879 716 1946 qui
728 1879 795 1927 inter
804 1876 917 1944 Apennlff
944 1917 950 1926 ,

167 1971 228 2008 num
240 1955 361 2024 Alpesque
378 1955 528 2020 incolebant,
544 1956 607 2024 saepe
623 1957 746 2006 exercitur
764 1953 853 2004 Gallici
870 1969 917 2022 pru,

166 2051 287 2103 gravere.
322 2035 464 2086 Tuscorum
481 2045 539 2085 ante
557 2029 700 2087 Romanum
718 2034 850 2102 imperium
868 2034 919 2096 Iatb

166 2115 233 2163 terri
246 2113 356 2180 marique
375 2127 436 2178 oper
453 2123 564 2180 patuere.
590 2113 652 2169 mari
666 2111 758 2180 supero
777 2111 918 2177 inferoque,

167 2190 257 2256 quibus
272 2189 343 2240 Italia
354 2188 443 2240 ⁴insulae
459 2190 536 2240 modo
553 2189 669 2254 cingitur,
691 2199 811 2254 quantum
827 2199 917 2255 potue7

166 2268 226 2328 rint,
243 2266 344 2315 nomina
361 2264 418 2317 sunt
434 2274 589 2328 argumento,
607 2263 673 2328 quod
684 2265 787 2314 altemm
803 2263 917 2317 Tuscum

164 2341 296 2393 communi
307 2339 432 2412 vocabulo
439 2339 526 2404 gentis,
543 2339 648 2390 alterurn
656 2339 828 2390 Hadriaticum
837 2331 921 2407 mare,

165 2418 199 2469 ab
208 2417 301 2470 Hadria
312 2415 454 2468 Tuscorum
462 2416 568 2480 colonia,
576 2431 701 2472 vocavere
716 2418 807 2469 Italicae
819 2431 915 2484 gentes.

166 2497 249 2547 Graeci
258 2493 344 2548 eadem
351 2495 513 2562 Tyrrhenum
521 2505 596 2562 atque
602 2494 881 2548 Hadriaticumvocant.
892 2500 916 2550 Ii

165 2575 193 2625 in
205 2585 335 2640 utrumque
351 2587 418 2626 mare
433 2582 563 2637 vergentes
577 2573 702 2628 incoluere
710 2574 812 2626 urbibus
821 2565 916 2628 duodcss

165 2654 204 2704 nis
213 2663 296 2716 terras,
314 2650 381 2718 ptius
392 2649 426 2700 cis
439 2651 638 2719 Apenninumad
648 2653 756 2705 inserunt
763 2669 841 2720 mare,
853 2639 917 2722 poli}

165 2746 195 2782 ea
206 2741 272 2780 trans
288 2727 455 2801 Apenninum,
473 2730 587 2796 totidem,
604 2741 667 2797 quqt
684 2732 765 2800 capita
776 2733 878 2798 originis
888 2748 916 2784 e·

165 2821 229 2874 rant,
247 2807 351 2860 coloniis
360 2806 431 2860 missu
440 2825 447 2855 ι
458 2824 519 2879 ,quae
528 2819 595 2870 tram
603 2808 696 2860 Padum
706 2800 789 2862 omnia
800 2811 863 2876 loca,
873 2826 916 2873 exq

74 2874 79 2891 ⁴
165 2899 240 2957 cepto
250 2892 405 2953 Venetorum,
417 2888 517 2955 angulo,
532 2889 577 2954 qui
587 2886 665 2941 smum
675 2882 853 2940 circumcolunt
862 2907 915 2940 ma-

165 2967 207 3030 ris,
223 2965 298 3032 usque
309 2964 340 3025 ad
351 2958 424 3039 Alpes
436 2975 545 3017 tenuere.
578 2965 677 3033 AlpinIs
685 2983 784 3034 quoque
796 2983 824 3018 ea
833 2970 915 3039 genti3
944 3023 954 3033 ,

164 3042 283 3132 burhapd
291 3042 364 3097 duin
374 3043 446 3112 origo
455 3042 710 3135 estunpxipseitetis:
721 3061 783 3118 quos
793 3047 849 3101 loca
860 3047 868 3095 i
887 3045 914 3096 sa

866 3061 889 3166 l

852 3125 899 3164 Η
