1964 3660
156 227 206 279 344
408 219 450 269 ·T.
485 219 508 268 L
525 220 538 269 l
556 221 580 269 V
598 220 611 270 1
628 221 650 270 1·

152 317 237 365 unum,
256 313 299 352 aut
309 319 377 353 arma
389 307 500 372 capiendi
512 307 583 356 datur
592 307 804 434 spatium.>¹quum
815 309 862 376 p'ro
872 310 901 362 fe

153 377 254 443 quisque
264 380 389 429 tenderent
400 382 431 430 ad
442 393 534 448 portas,
551 383 568 432 sr
582 384 629 448 qui
645 383 708 434 sorte
731 399 744 433 e
756 387 781 434 in
793 401 867 450 agros
874 402 904 436 e·

148 457 227 519 jicere
243 456 343 522 pollent,
362 459 452 508 clausas
469 460 504 521 (id
522 462 588 510 enim
604 463 710 528 primum
727 463 832 514 uitiator
852 466 902 514 irn-

153 536 292 598 peraverat)
310 548 392 600 portas
411 538 552 587 inveniunt.
588 539 649 589 lude
663 540 705 588 alii
720 556 788 589 arma
803 557 903 608 capere,

150 608 201 669 elii,
219 625 281 673 quos
292 609 356 659 forte
364 623 471 662 armatos
483 614 601 664 tumultus
611 627 784 681 occupaverat,
796 631 903 666 -convo-

84 743 86 745 ‚
148 699 207 733 tare
219 686 282 750 lues,
300 699 328 737 ut
343 691 454 754 proelium
467 692 566 741 inirent.
585 692 652 756 quod
667 693 796 742 accensum
806 693 840 749 ab
856 692 900 743 de-

152 761 290 829 speratione
299 765 405 816 holiium
414 767 507 830 loiffen
524 770 550 818 ni
560 784 690 836 praecones,
708 785 751 834 per
762 771 849 819 urbem
861 770 901 820 di-

151 841 222 905 missi,
240 846 300 910 poni
318 861 395 909 arma,
413 846 438 894 &
455 848 523 914 parci
537 846 761 911 inermi‘jussilleun
780 864 825 898 uec
836 864 901 915 prte-

154 929 192 967 tcr
204 932 310 970 armatos
334 937 473 987 quenquam
491 924 589 974 violari.
625 927 693 972 -Tum
709 925 791 988 etiam,
810 925 904 990 quibus

153 996 230 1044 animi
241 999 266 1046 iu
278 997 319 1064 spe
334 1000 421 1047 ultima
432 999 547 1048 obstinati
558 999 589 1049 ad
606 999 780 1050 decertandum
790 1000 899 1066 fuerant,

148 1074 280 1139 =postquam
292 1074 348 1124 data
363 1075 413 1142 spes
423 1077 481 1125 vitae
490 1076 522 1125 est
524 1075 636 1140 ‚jactare
645 1077 728 1143 pallrm
737 1092 813 1141 arma,
832 1080 901 1128 iner-

149 1149 260 1214 melque,
278 1151 344 1215 quod
361 1153 437 1201 tutius
454 1152 557 1201 fortuna
571 1153 672 1216 fecerat,
689 1153 716 1202 se
724 1154 787 1202 hosti
799 1152 900 1205 offerre.

149 1231 245 1290 Magna
265 1229 417 1278 multitudo
411 1246 436 1278 tn
454 1231 573 1280 custodias
592 1231 686 1279 divisa:
704 1230 830 1307 oppidum
841 1243 901 1284 ante

150 1304 249 1353 nollem
261 1306 382 1355 redditum
394 1308 495 1356 Sutrinis
513 1309 685 1357 inviolatum'
675 1319 855 1373 mtegrumque
866 1311 901 1361 ab

149 1381 223 1428 omni
244 1381 311 1429 clade
323 1382 389 1444 belli,
407 1383 533 1446 quianon
553 1385 580 1434 vi
598 1395 706 1450 captum,
723 1383 765 1433 led
781 1383 900 1439 traditum

114 1505 116 1509 ,
149 1472 197 1524 per
209 1458 361 1507 conditiones
371 1459 459 1507 fuerat

187 1537 233 1582 IV.
254 1536 387 1584 Camillus
381 1552 406 1584 m
418 1537 505 1586 urbem
519 1538 672 1604 triumphans
684 1537 765 1600 redut
782 1539 897 1588 triumfi

148 1613 205 1661 mul
213 1611 332 1661 bellorum
344 1611 432 1662 vietor.
466 1616 553 1677 Longe
569 1615 688 1680 plurimos
700 1616 812 1681 captivos
823 1629 856 1664 ex
865 1619 898 1665 E-

152 1687 238 1737 truscis
249 1700 305 1737 ante
322 1704 420 1740 currum
431 1689 513 1740 duxit.
532 1692 621 1756 quibus
633 1691 678 1743 sub
689 1691 755 1740 halla
769 1691 896 1741 venunda-

147 1767 191 1825 tis,
208 1775 304 1814 tantum
316 1767 367 1815 aeris
379 1765 503 1816 redaftum
515 1767 555 1832 ert,
573 1779 610 1833 ut,
620 1770 701 1836 pretio
713 1783 760 1835 pro
771 1785 833 1818 auto
845 1783 898 1818 ma·

149 1843 229 1908 tronis
247 1843 379 1909 persoluto,
398 1859 430 1893 ex
449 1860 489 1908 eo,
507 1845 575 1910 quod
593 1844 725 1912 supererat,
743 1855 896 1911 trespaterae

65 1942 69 1948 ·
147 1924 230 1970 ''aureae
250 1919 318 1970 tattae
334 1920 398 1971 sint:
417 1933 484 1986 quas,
502 1937 559 1972 curn
574 1923 648 1972 titulo
664 1922 771 1977 nominis
790 1921 896 1986 Camilli,

151 2006 209 2050 ante
219 1999 371 2064 Capitolium
387 1999 530 2048 incensum
523 2015 549 2048 rn
568 2000 640 2064 Jovis
657 2000 717 2050 cella
728 1999 821 2048 eonllat
839 2007 896 2048 ante

147 2077 224 2145 pedes
236 2079 340 2140 Junonis
352 2076 439 2143 positas
450 2075 528 2126 tuille.
552 2079 590 2127 Eo
601 2093 668 2127 anno
679 2079 704 2126 in
716 2077 844 2126 civitatem
855 2091 897 2126 ae·

147 2154 225 2221 'cepti
244 2155 285 2217 qui
303 2155 446 2217 Vejentium
467 2144 678 2219 Capenatiumque
694 2170 723 2203 ac
744 2155 897 2205 Faliscorum

151 2247 231 2319 perca
240 2231 303 2279 bella
314 2229 493 2292 transfugerant
502 2228 531 2276 ad
543 2233 678 2292 Romanos,
695 2244 800 2293 agerque
812 2232 841 2278 lis
853 2248 904 2282 no·-
957 2232 961 2240 “

150 2309 189 2358 vis
201 2307 296 2354 civibus
312 2306 449 2368 affignatus.
468 2305 579 2353 revocati
596 2319 695 2368 quoque
712 2305 739 2352 in
754 2306 841 2353 urbem
859 2306 896 2355 se-

147 2379 332 2434 natusconsulto
351 2371 453 2442 aVejis,
469 2379 511 2443 qui
532 2377 667 2428 aedificandi
684 2381 770 2428 Romae
782 2381 894 2448 pigritia,

146 2459 277 2524 'occupatis
292 2457 329 2506 ibi
349 2446 434 2505 vacuis
454 2455 530 2518 settis,
548 2457 625 2520 Vejos
642 2457 667 2506 se
684 2457 851 2519 =contulerant.
869 2462 896 2512 ἃ

122 2558 128 2563 -
149 2535 231 2602 primo
243 2532 353 2582 fremitus
367 2532 415 2582 fnit
430 2532 611 2598 aspernantium
624 2532 772 2600 imperium:
790 2533 841 2582 dies
853 2535 895 2584 de·

151 2598 216 2660 iude¹
229 2610 361 2677 praestituta
377 2607 535 2677 capitalisque
551 2626 630 2676 poena,
648 2611 691 2675 qui
707 2626 756 2660 non
769 2611 895 2676 renigres-

148 2690 187 2740 set
196 2693 309 2750 Romam,
327 2703 359 2736 ex
371 2687 493 2736 ferocibus
510 2686 629 2737 universis
642 2686 756 2752 singulos,
773 2701 841 2738 metu
850 2688 896 2742 suo

150 2767 281 2832 quemque,
299 2764 441 2813 obedientes
452 2763 518 2812 fecit.
540 2767 572 2812 Et
581 2767 662 2813 Roma
672 2779 748 2829 quum
760 2764 896 2830 frequentia

85 2861 89 2871 ¹
148 2843 266 2906 erescere,
284 2851 337 2890 tum
350 2852 403 2891 tota
423 2839 491 2890 sunul
511 2840 641 2904 exsurgere
653 2840 769 2904 adificiis
786 2842 895 2909 &repu-

147 2919 215 2968 lrlicl
226 2916 344 2984 impensas
363 2917 504 2981 adjuvante,
522 2917 547 2967 ἃ
564 2917 673 2967 aedilibus
685 2919 754 2967 velut
767 2919 895 2985 publicum

148 2994 303 3066 'exigentibus
323 3010 393 3062 opus,
416 2993 514 3063 &ipis
530 2993 634 3113 privatis
649 2993 816 3061 (admonebat
825 2996 894 3047 enim

140 3095 156 3119 i·
512 3117 516 3123 .
829 3069 891 3130 deli
