1964 3660
367 207 391 259 L
406 209 421 257 1
438 208 456 256 B
474 206 496 258 E
513 198 535 259 R
570 208 619 258 tv.
813 210 860 271 '263

112 297 184 351 misso
203 296 372 364 antefignanos
392 299 497 349 hostium
518 297 784 362 turbaffet,1egionum
805 300 864 369 inde
936 287 939 297 ¹

113 378 180 443 signa
195 376 279 428 inferri
298 382 401 446 propere
413 376 487 441 jussit,
506 376 697 445 signiferumque
715 391 748 425 ex
766 377 815 427 suis
834 393 864 428 u·

75 456 78 462 ’
113 473 175 508 num
196 456 349 507 cunflantem
365 455 465 506 occidit.
501 459 598 506 Tantus
610 456 683 506 ardor
701 456 733 505 ad
744 456 862 508 dimican-

35 592 37 596 ,
113 535 173 584 dum
184 534 241 598 suit,
258 544 287 584 ut
297 535 417 601 impetum
428 535 502 598 AEqui
519 549 571 583 non
582 534 697 583 tuierint:
715 533 824 600 vidique
834 551 863 587 a·

113 614 152 662 eie
163 628 240 678 quum
250 608 309 677 suga
323 612 399 662 effusi
410 609 520 680 petissent
536 612 620 676 eastra,
636 612 739 675 brevior
750 623 866 681 tempore

114 691 141 740 ἃ
152 691 286 740 certamine
296 691 378 739 minor
392 690 524 739 castrorum
539 691 694 757 oppugnatio
714 690 769 756 suit,
787 696 863 758 quam

114 768 227 834 proelium
238 769 327 818 suerat.
353 768 437 834 Captis
446 766 595 834 direptisque
607 767 694 832 castris,
712 785 787 834 quum
800 785 862 835 prae·

114 845 172 906 dam
183 845 286 896 disintor
296 846 369 895 militi
381 846 535 909 concessisset,
547 844 670 913 secutique
682 846 817 911 fugientem
829 861 864 902 ex

115 923 196 974 eastris
208 925 301 974 hostem
312 925 406 991 equites
417 923 605 988 renunciassent,
624 941 710 975 omnes
721 923 864 978 Lavicanos¹

113 1002 202 1065 vietor,
219 1018 335 1067 magnam
345 1013 448 1071 partem
460 1005 598 1068 AEquorum
610 1003 720 1053 Lavicon
738 1002 862 1068 confugit

115 1075 153 1138 se}
171 1079 266 1146 postero
286 1080 374 1130 dicad
396 1080 505 1129 Lavicos
525 1078 609 1129 dusius
629 1081 769 1130 exercitus:
788 1082 862 1149 oppi-

115 1155 232 1223 dumque,
249 1158 342 1208 corona
352 1156 538 1221 circumdatum,
557 1156 625 1208 scalis
636 1169 736 1226 capttmr
750 1175 780 1209 ae
798 1159 863 1209 dire·

116 1245 187 1302 ptum
196 1236 240 1285 est.
269 1235 389 1301 uitiator,
406 1237 517 1286 exercitu
529 1234 623 1285 vidore
635 1239 741 1299 Romam
753 1233 865 1302 redudo,

114 1311 154 1360 die
166 1311 265 1377 ostavo,
283 1318 356 1379 quam
375 1325 470 1364 ereants
488 1323 548 1376 erat,
565 1313 706 1378 magistratu
728 1313 752 1363 se
763 1314 864 1365 abdica·

116 1391 156 1439 vit
163 1409 170 1451 ;
188 1392 213 1441 dt
225 1396 364 1460 opportune
375 1391 479 1456 senatus,
497 1391 638 1458 priusquam
649 1391 680 1442 ab
694 1391 801 1452 'tubunis
811 1392 864 1461 pse·

39 1464 43 1483 ¹
115 1467 141 1518 bi
153 1471 253 1535 agraria
264 1470 401 1536 seditiones,
418 1472 544 1521 mentione
556 1471 622 1522 illata
633 1471 662 1521 de
680 1487 740 1537 agro
755 1473 864 1524 Lauica-

115 1549 305 1617 nodividendo,
323 1551 416 1617 fierent,
434 1550 527 1600 censuit
537 1549 659 1617 frequens,
677 1553 800 1602 coloniam
813 1554 864 1601 La·

114 1627 187 1678 vicos
198 1627 374 1679 deducendam.
398 1629 482 1678 coloni
498 1627 531 1677 ab
542 1628 603 1678 urbe
616 1627 681 1677 mille
697 1628 865 1695 &quingenti

115 1705 177 1756 missi
187 1705 247 1756 bina
254 1706 342 1771 jugera
358 1716 513 1772 acceperunt.
549 1707 634 1770 Captis
651 1707 761 1771 Lavinis,
779 1724 808 1757 ac
820 1708 864 1758 de·
909 1701 914 1707 ’

56 1844 61 1854 Ι
115 1783 174 1833 inde
184 1784 289 1834 tribunis
300 1785 406 1833 militum
417 1781 538 1832 consulari
547 1783 674 1848 potestate,
684 1785 796 1852 Agrippi
807 1789 864 1835 Me.

116 1863 191 1910 nenio
203 1863 308 1925 Lanato,
326 1862 351 1911 ἃ
373 1864 406 1910 L.
418 1859 522 1909 Servilio
539 1858 644 1923 strutio,
667 1860 691 1909 ἃ
704 1863 731 1908 Ρ.
744 1864 867 1914 Lucretio

119 1938 281 2004 Tricipitino,
293 1940 382 1987 iterum
390 1936 504 1986 omnibus
517 1936 562 1998 his,
581 1937 605 1986 ἃ
613 1926 655 2005 ‘Sp
665 1937 760 1985 Rutilio
771 1938 864 2004 Crass'o,

118 2016 144 2066 Bt
155 2015 296 2081 insequente
307 2031 373 2066 anno
386 2017 418 2064 A.
431 2011 576 2080 Sempronio
589 2012 704 2063 Atratino
717 2015 827 2078 tertium,
838 2014 865 2067 dt

23 2111 24 2114 ¹
118 2092 215 2143 duobus
234 2092 324 2142 iterum
341 2094 380 2142 Μ.
399 2090 498 2158 Papirio
509 2089 657 2155 Mugillano,
672 2089 700 2140 ’ἃ
712 2091 753 2157 Sp.
768 2091 866 2144 Nautio

116 2171 213 2238 Rutilo,
224 2170 351 2224 biennium
362 2169 499 2236 tranquilla
509 2180 617 2221 extemae
627 2183 674 2236 res,
686 2167 807 2222 discordia
818 2168 867 2224 do-

117 2251 152 2302 mi
162 2265 194 2302 ert
205 2252 306 2316 agrariis
315 2251 410 2317 legibus
420 2249 477 2301 fuit

119 2333 277 2380 XLVIII.
295 2331 450 2382 Turbator'er
467 2327 538 2395 vulgi
558 2328 628 2380 era'nt
647 2318 729 2397 Spurii
743 2280 866 2383 ttaecttine

117 2411 233 2473 quartum
244 2409 270 2458 δι
286 2411 397 2460 Metilius
408 2409 513 2460 tertium
524 2407 617 2458 tribuni
629 2407 715 2475 piebis,
731 2409 807 2459 ambo
819 2407 864 2459 ab·

117 2482 196 2534 sentes
207 2486 291 2535 creati.
314 2485 340 2536 ἃ
351 2486 428 2552 quum
444 2487 600 2551 rogationem
619 2482 817 2553 promulgbffenn
834 2494 866 2537 ut

117 2574 176 2624 ager
187 2574 220 2609 ex
240 2560 348 2622 hostibus
367 2573 451 2629 eaptus
463 2561 558 2611 uiritim
576 2560 738 2625 divideretur,
756 2563 865 2624 magne·

118 2654 166 2705 que
178 2637 254 2705 partis
264 2637 385 2688 nobilium
396 2652 427 2689 eo
444 2635 574 2706 plebiscito
588 2636 774 2706 publicarentur
783 2634 865 2687 sor‘tu·

118 2730 172 2778 11ae3
190 2717 245 2779 (nee
256 2715 322 2767 enim
337 2714 415 2766 ferme
426 2717 559 2783 quicquam
573 2717 635 2782 agri,
651 2727 680 2766 ut
691 2716 717 2766 in
727 2715 788 2765 urbe
804 2713 866 2764 alit·

118 2803 153 2845 no
165 2794 218 2845 solo
230 2793 316 2861 posita,
331 2809 383 2844 non
394 2794 466 2845 annis
478 2805 575 2862 partum
587 2804 655 2856 erat;
673 2800 726 2857 nec,
744 2790 811 2859 quod
822 2804 866 2843 tted

102 2858 106 2867 Χ
118 2871 190 2922 nisset
200 2871 375 2936 aiiignanmrve
385 2869 482 2939 publice
496 2868 561 2936 esset,
573 2881 735 2940 preterquam
746 2869 816 2936 plebe
824 2868 867 2918 ha-

117 2947 201 3014 bebat)
218 2958 292 3000 atrox
309 2947 374 3016 plebi
386 2945 545 3014 Patribusque
562 2945 715 3015 propositum
731 2945 866 2997 videbatur

116 3037 261 3084 certunm
276 3041 323 3101 nee
332 3027 427 3083 nunni
436 3026 553 3098 niuem,
568 3022 781 3103 nure-inseram,
797 3036 867 3078 mne
926 3069 930 3076 .

167 3129 172 3135 “
836 3117 867 3160 U
