1964 3660
141 220 188 278 ada
400 216 438 273 '1⁸ss
471 213 643 273 L1v1‘1'
696 282 700 286 Ι

141 315 234 377 clodius,
251 300 362 382 precatus
379 313 411 362 ab
428 313 483 362 Diis
502 305 691 376 immorialibus,
717 326 748 361 ne
766 310 888 364 discordia

142 395 299 445 tribunorum
310 391 448 441 damnosior
458 390 597 457 reipublicae
609 389 674 455 effer,
691 396 763 457 quarn
771 392 802 464 ad
811 387 888 456 Vejos

141 469 238 521 suisset:
257 468 290 531 dt,
308 469 377 516 velut
390 466 455 516 haud
464 466 538 516 dubia
547 466 615 516 clade
623 468 774 534 imminente,
792 469 889 518 institis·

141 548 167 599 se
176 545 237 610 lilio,
253 556 282 595 ut
294 545 382 594 milites
393 543 516 610 scriberet,
534 545 558 595 ἃ
570 559 638 595 arma
649 555 752 613 pararet.
782 550 834 596 Nec
843 546 889 596 sal-

141 621 262 673 suavates
276 620 333 670 suit.
358 637 416 671 uam
428 620 544 671 duiiuL
554 622 638 687 Sergii,
655 621 889 691 cujusdlesimperii

141 711 203 764 erat,
220 700 303 752 locoi
295 700 381 765 miquo
398 698 443 749 sub
457 691 665 764 bostiumcastris,
682 709 767 765 quutn,
785 699 888 767 ςιιίιῖιὲ

140 777 237 828 mula'to
248 786 316 825 metu
333 783 458 847 receperat
468 773 493 823 se
510 774 583 823 hostis
593 775 624 824 ad
636 775 737 838 vallum,
754 773 806 842 spes
823 788 889 825 vana

141 851 301 920 expugnandi
319 852 394 902 castra
405 854 436 899 ed
454 845 572 914 traxisset,
588 853 717 918 repentino
732 853 825 920 impetu
845 854 888 902 AE

140 944 248 996 quorum
257 946 300 999 per
311 927 423 998 supinam
433 928 523 978 vallem
537 928 582 978 sust
597 929 661 994 sunt,
677 930 816 996 multique'
810 945 836 980 ιιι
847 946 888 980 ru·

140 1010 286 1074 luamajore
299 1015 373 1075 quarn
382 1008 441 1072 suga
455 1006 559 1076 oppressi
576 1005 784 1074 obtruncatique:
801 1007 887 1057 calita-

140 1098 198 1150 que,
216 1101 247 1134 eo
258 1084 298 1133 die
309 1086 371 1148 agre
379 1093 482 1148 retenta,
499 1082 597 1150 pollero
609 1082 656 1150 die,
669 1083 819 1134 circumlusts
837 1084 889 1149 jam

140 1171 229 1226 magna
238 1175 270 1210 ert
279 1159 348 1228 parte
360 1159 475 1221 hostibus,
492 1173 536 1225 per
544 1158 655 1208 aversam
663 1170 761 1226 portam
769 1158 828 1225 fugi
836 1170 889 1209 tur-

142 1238 170 1305 pi
182 1236 333 1287 deseruntur.
355 1235 428 1286 duces
438 1235 570 1300 legatique,
587 1233 688 1302 &quod
697 1235 836 1302 circasrgna
847 1253 889 1287 ro-

140 1307 209 1366 b'oris
219 1313 249 1363 de
267 1315 379 1364 exercitu
396 1310 451 1378 suit,
469 1309 608 1363 Tusculum
623 1315 724 1380 petiere.
759 1316 837 1365 Palati
847 1312 889 1366 alii

140 1405 185 1460 per
202 1405 275 1455 agros
295 1391 378 1460 paslim
388 1391 470 1442 multis
481 1386 619 1455 itineribus,
635 1392 744 1455 majoris,
762 1399 889 1458 quarnac-

140 1479 212 1536 ccpta
230 1479 290 1532 erat,
307 1467 382 1533 cladis
400 1468 485 1517 nuncii
497 1471 604 1518 Romam
615 1469 803 1535 cepttendemnt.
838 1472 890 1520 Mi-

140 1557 186 1594 nus
198 1543 368 1611 trepidationis
379 1540 436 1606 suit,
453 1541 520 1608 quod
537 1550 641 1593 eventus
657 1545 743 1594 timori
759 1544 889 1593 hominum

139 1632 278 1688 coagmens
289 1620 383 1684 suerat3
401 1618 426 1672 dc
438 1618 504 1688 quod
514 1618 626 1686 subsidia,
639 1620 693 1688 qu‘ae
704 1618 852 1689 respicerent
863 1623 889 1672 in

139 1708 167 1752 te
178 1700 283 1768 trepida,
293 1694 427 1769 preparata
439 1710 510 1750 erant
520 1699 552 1750 ab
564 1696 664 1750 tribuno
675 1693 796 1750 tullitum:
812 1698 889 1765 judu·

60 1803 62 1812 v
137 1794 188 1848 quc
199 1779 313 1845 ejusdem,
332 1795 376 1849 per
386 1781 493 1830 minores
513 1773 666 1844 magistratus
684 1777 768 1830 sedato
785 1780 812 1829 in
827 1779 890 1830 urbe

139 1860 257 1924 tunultu,
275 1858 438 1928 speculatores
459 1861 563 1929 propere
579 1856 642 1908 missi
658 1859 815 1924 nunciavere,
832 1862 889 1910 Tu-

140 1935 202 1988 sculi
212 1934 286 1987 duccs
297 1932 483 2002 citerci'tumque
495 1934 541 1985 esse
548 1955 555 1998 ;
573 1934 666 1985 hostem
678 1936 752 1986 castra
766 1935 823 1985 loco
838 1951 889 1985 non

140 2014 254 2067 movisse.
279 2017 312 2081 sc,
330 2015 396 2083 quod
408 2016 542 2084 plurimum
552 2015 692 2065 animorum
703 2013 770 2079 fecit,
787 2013 891 2064 diilator

140 2106 174 2144 ex
185 2092 395 2146 senatusconsulto
407 2093 483 2144 didius
496 2097 530 2159 Q.
540 2092 657 2142 Scrvilius
667 2091 777 2154 Priscum
789 2093 837 2155 vir,
847 2109 889 2142 cu-

138 2171 180 2237 jus
192 2173 377 2239 providentiam
387 2174 414 2222 in
425 2171 558 2239 republica,
576 2184 653 2235 quum
664 2170 748 2219 multis
764 2170 818 2219 aliis
829 2181 891 2230 tern-

140 2249 274 2316 pcslatibus
291 2255 348 2301 ante
366 2258 468 2315 experta
485 2247 573 2296 civitas
591 2256 651 2310 erat,
669 2255 722 2297 tum
733 2255 827 2296 eventu
838 2248 890 2311 ejus

140 2319 209 2390 belli,
225 2326 292 2392 quod
304 2327 347 2375 uni
361 2337 484 2376 certamen
503 2324 660 2373 tribunorum
680 2321 816 2390 suspeilum
833 2338 891 2376 ante

103 2425 105 2435 ι
139 2415 195 2455 rem
204 2402 267 2452 male
283 2401 390 2467 gestam
394 2399 487 2461 suerat;
503 2398 620 2463 magistro
638 2400 749 2464 equitum
767 2412 859 2467 creato,
876 2409 892 2454 a

139 2488 192 2559 quo
203 2476 256 2546 ipse
270 2478 370 2528 tribuno
382 2477 488 2527 militum
500 2474 604 2526 diiiatot
614 2487 667 2527 erat
678 2475 763 2542 didius,
775 2477 891 2544 filiosuo,

140 2567 171 2608 ut
184 2554 305 2607 tradidere
317 2555 425 2622 quidam,
443 2557 510 2621 (nam
525 2554 566 2605 alii
582 2539 687 2605 Ahalam
698 2557 828 2606 Servilium
838 2573 891 2607 ma-.

141 2628 244 2705 gistrum
256 2635 366 2700 equitum
378 2650 408 2684 co
419 2649 486 2684 anno
502 2630 571 2684 fuisse
582 2632 721 2703 scribunt)
717 2649 787 2685 novo
796 2638 891 2686 exerci-

75 2726 78 2751 Ι
142 2717 172 2764 t'u
182 2708 306 2783 prosesius
317 2710 348 2762 ad
358 2711 458 2774 bellum,
475 2712 559 2768 accitis
577 2710 620 2777 qui
632 2698 736 2762 Tusculi
747 2723 824 2779 eraut,
841 2711 892 2764 duo

142 2791 222 2843 millia
233 2787 344 2858 passuum
354 2791 386 2841 ab
399 2790 467 2840 hoste
476 2791 560 2841 locum
571 2789 652 2842 castris
663 2792 737 2859 cepit.

89 2928 100 2938 ,
178 2869 289 2918 XLVII.
308 2867 450 2919 Transierat
457 2883 490 2920 ex
506 2867 603 2918 rebeue
615 2865 679 2931 'gesta
694 2866 892 2936 superbianegli·

144 2949 275 3040 peritiaque
286 2947 318 2999 ad
332 2948 433 3016 AEquos,
451 2965 504 3016 quae
515 2949 541 2998 in
551 2946 671 2997 Romanis
687 2945 790 2998 ducibus
801 2946 891 2998 suerat.

143 3022 227 3105 itaque
238 3026 320 3097 primo
328 3024 411 3082 statim
420 3024 508 3125 proelio
520 3037 605 3094 quum
607 3020 712 3081 dicator
720 3025 840 3103 equitatu
841 3039 889 3154 pp

816 3117 843 3155 ιιι
871 3115 889 3156 c
