1950 3674
260 176 348 241 Au
378 174 512 251 ,Luc
535 177 672 257 TOR
694 182 789 249 EM.

143 288 287 371 peditum
311 288 812 379 exn-missiaouoxxxtequitum
825 292 898 359 veri

141 410 264 471 ,xum
276 389 401 467 -ml'sllar
418 389 526 457 livius
542 388 665 473 μήτι,
685 394 715 461 ὰ
739 407 900 475 carpenta·

144 489 213 552 rios
230 487 312 550 misse
326 490 358 550 in
370 487 467 562 armis
479 499 586 550 contra
600 489 698 552 aciem
709 489 830 576 stettffi
841 496 899 577 Ro·

146 608 285 650 manum.
330 589 409 649 Suos
422 605 499 669 ergo
512 605 660 651 numeros
674 589 767 653 Livio
781 588 900 655 restitu-

144 707 201 751 ere
216 681 301 749 haud
322 682 546 763 dubitavimus,
568 700 603 748 ut
623 685 796 771 legeretur:
840 689 905 754 Sed

137 781 337 870 steperjecere
351 779 476 866 quidam
488 781 624 865 augendo
630 781 731 865 fidem
741 786 795 869 qui.
807 785 840 848 in
850 785 901 863 ho,-

140 883 242 970 stium
256 883 404 959 exercitu,
405 880 547 962 peditum
558 894 680 947 centum
695 885 900 970 quadraginta

149 983 250 1059 miliia
262 995 411 1048 trecentos
422 981 566 1064 triginta,
578 982 712 1066 equitum
713 987 775 1067 sex
786 983 817 1050 ir
829 1005 901 1068 qua·

149 1080 296 1167 draginta
315 1079 426 1157 millia,
449 1078 532 1140 mille
546 1070 761 1160 carpentorum
772 1072 901 1168 Μομ-

148 1201 187 1243 re
191 1176 289 1262 surffe
302 1206 313 1240 .·
335 1182 382 1242 Ita
397 1175 524 1240 Livium
538 1196 648 1240 eorum
663 1176 748 1257 fidei,
763 1181 818 1263 qui
834 1195 902 1243 tan·

147 1268 219 1357 turn
239 1270 409 1343 numerum
433 1274 650 1362 prodiderunt,
675 1275 788 1342 merito
811 1278 901 1346 dero·

146 1375 229 1464 gisse
244 1377 417 1463 palamesi.
455 1380 495 1440 In
506 1376 572 1439 aliis
587 1397 712 1461 quoque
726 1378 902 1443 minutiori·

147 1479 218 1555 bus3
237 1493 274 1555 ¹at
295 1478 401 1563 paucis
424 1474 485 1539 iilis
504 1474 645 1558 quidem,
669 1473 902 1542 {Drakenbor-

149 1575 221 1641 chio
236 1574 421 1657 recessimus,
444 1574 477 1638 in
492 1573 633 1658 pluribus
655 1570 734 1639 sorte
748 1575 899 1660 recessuri,

149 1695 215 1739 non
229 1673 412 1754 conjeeturis
428 1671 567 1757 quidem,
592 1672 677 1756 quod
696 1670 902 1758 periculosum

146 1772 238 1853 soret,
261 1770 313 1837 sed
327 1770 474 1838 codicum
488 1770 667 1835 austoritate
682 1770 765 1849 freti,
788 1774 822 1837 ni
833 1793 904 1837 me·

145 1885 302 1935 tueremur
317 1892 357 1935 ne
372 1871 471 1934 critici
487 1864 671 1935 morosiores
687 1871 778 1935 nobis
793 1874 902 1956 proin·

148 1967 190 2031 de
212 1971 373 2052 negotium
386 1969 574 2034 facesserent.
622 1968 705 2048 Quid
722 1969 808 2053 quod
828 1972 861 2034 in
878 1972 904 2033 i·

148 2065 206 2153 pso
219 2068 289 2131 iibri
301 2068 394 2152 primi
410 2068 519 2133 limine
531 2069 637 2152 primo
649 2089 728 2153 aqua
740 2069 829 2132 nobis
841 2068 903 2133 hae·

145 2168 245 2247 rebat,
258 2163 367 2232 utrum
379 2188 454 2233 cum
469 2168 558 2233 editis
574 2169 672 2232 AEned
683 2170 902 2254 Antenoreque,

144 2285 187 2331 au
201 2262 372 2333 verutum
387 2266 605 2352 manuscriptis
624 2262 776 2351 plerisque
796 2270 902 2331 AEneae

142 2367 348 2451 Antenorique
363 2387 446 2428 omne
452 2364 508 2448 jus
524 2366 593 2428 belli
613 2364 744 2428 Achivos
760 2361 893 2448 abstinu-

143 2465 208 2548 ‘fflr
218 2461 386 2527 dicendum
396 2461 629 2526 foretevariatio
639 2463 723 2524 enim
733 2461 813 2526 haud
823 2458 897 2541 ejus·

142 2562 231 2626 modi
243 2560 298 2641 est,
309 2576 344 2626 ut
359 2560 490 2625 librariis
505 2560 700 2626 referendam
715 2560 795 2624 hanc
806 2563 898 2625 MSS.

139 2662 309 2735 lestionem
331 2658 419 2727 facite
446 2659 652 2747 suspicareris;
676 2661 712 2724 iis
733 2661 824 2723 enim
839 2660 898 2722 mi·

142 2757 203 2827 nus
229 2758 369 2825 usitatam
401 2760 553 2846 loquendi
582 2758 719 2824 formam
744 2756 896 2821 usitatiore

139 2873 335 2926 commutare
358 2854 485 2924 solenne
501 2839 572 2920 'fere
587 2853 642 2932 est,
665 2850 896 2922 insolentioiem

145 2949 461 3043 nrtffimeusurpant.
498 2951 656 3044 Qticquid
677 2951 724 3039 iit,
739 2953 890 3069 vulgatum

826 3067 881 3120 teti
