1964 3660
359 236 530 292 LIBER
563 238 614 291 m.
816 249 861 303 ret

115 334 173 382 rum
191 330 307 398 cuiquam
319 329 440 392 nocuerit,
458 328 552 378 sacrum
573 327 669 377 sanciri.
703 327 792 394 ltaque
804 327 862 378 aediae

116 409 166 458 lem
178 400 295 476 prehendi
306 407 434 473 duciquea
444 406 579 470 majoribus
589 406 782 470 magistratibus:
796 405 863 472 quod
922 417 929 436 ·

115 486 160 535 etfi
179 502 229 538 non
244 488 300 551 jure
319 485 370 548 fiat,
388 486 482 548 (noceri
494 485 560 534 enim
575 485 607 548 ei,
625 485 663 533 cui
682 484 727 535 hac
744 483 797 550 lege
812 498 864 534 non

116 561 199 628 liceat)
217 575 299 616 tamen
308 573 479 628 argumentum
490 564 545 626 elle,
561 575 612 611 non
626 562 710 612 haberi
726 577 771 629 pro
783 560 865 612 sacro·

116 639 201 691 sanilo
220 640 329 691 aedilern:
355 641 468 690 tribunos
494 649 581 688 vetere
595 639 755 703 jurejurando
778 639 865 706 plebis,

111 733 195 785 quum
214 721 322 786 primum
339 734 394 768 eam
418 717 562 783 potestaten
581 717 684 780 creavit,
702 717 866 767 sacrosaniloe
894 776 898 782 ¹

116 795 174 846 elle.
210 799 295 861 Fuere,
312 797 354 862 qui
366 797 592 862 interpretarentur,
609 793 693 842 eadem
705 795 750 842 hic
762 795 866 844 Horatia

116 875 171 939 lege
183 873 323 924 consulibus
336 887 435 940 quoque
447 872 472 922 &
484 873 636 938 praetoribus,
654 869 712 935 quia
726 870 810 922 iisdem
824 887 867 924 au·

115 950 208 1018 spiclis,
226 953 315 1018 quibus
332 949 451 1012 consuler,
468 960 616 1012 crearentur,
634 959 734 996 cautum
746 948 807 998 esse:
824 949 866 1013 ju·

116 1029 275 1080 diceneum
287 1028 412 1079 consulem
423 1025 549 1094 appellari.
585 1029 648 1090 Quae
665 1025 782 1075 refellitur
791 1028 866 1077 inter·

118 1108 234 1173 metatio,
251 1106 317 1173 quod
329 1107 366 1155 his
377 1105 531 1172 temporibus
547 1103 659 1153 nondum
669 1104 792 1155 consulem
799 1106 867 1169 judi·
915 1150 918 1159 .

118 1199 181 1247 cem,
199 1183 238 1232 sed
247 1194 386 1251 praetorem,
403 1182 521 1250 appellari
535 1181 684 1231 messuerit.
719 1185 764 1232 Hae
778 1183 866 1234 eonsu-

118 1264 180 1312 lares
194 1263 258 1326 leges
273 1262 349 1312 sucre.
385 1261 526 1311 Institutum
541 1261 616 1310 etiam
635 1261 666 1310 ab
684 1259 769 1310 iisdem
781 1261 867 1313 consu·

119 1339 192 1402 libus,
209 1350 238 1389 ut
254 1337 459 1389 senatusconsulta
479 1340 505 1389 in
522 1338 598 1389 aedem
620 1338 714 1387 cereris
735 1339 766 1388 ad
786 1341 867 1392 ediles

118 1416 196 1484 plebis
207 1416 358 1466 deferrentur
367 1436 373 1477 ;
382 1432 435 1482 quae
444 1427 516 1466 antea
525 1417 628 1466 arbitrio
638 1414 764 1466 consulum
773 1415 868 1486 suppri-

118 1493 250 1543 mebantur
260 1494 469 1560 vitiabanrurque.
498 1495 537 1542 M.
548 1492 645 1541 Duilius
654 1492 741 1542 deinde
754 1495 867 1546 tribunus

118 1570 304 1638 plebis·plebem
318 1571 425 1635 rogavit,
443 1569 573 1639 plebesque
585 1572 658 1620 scivit
666 1590 674 1631 ;
690 1572 725 1638 qni
740 1571 823 1637 plebem
832 1573 867 1637 fi·

116 1662 145 1697 ne
163 1646 253 1697 tribunis
264 1647 383 1716 reliquisset,
399 1648 473 1715 quique
489 1647 640 1714 magistratum
652 1647 699 1712 fine
713 1654 868 1714 provocatione

117 1726 212 1794 erenffet,
224 1736 283 1795 tergo
291 1744 317 1776 ac
330 1729 400 1794 capite
408 1729 531 1794 puniretur.
567 1729 625 1776 Haec
637 1729 721 1776 omnia
732 1740 760 1777 ut
771 1730 868 1798 invitis,

119 1804 154 1854 ita
170 1811 221 1855 noh
241 1805 434 1867 adversantibur‚
452 1805 561 1873 patriciis
581 1803 698 1855 transasla
707 1825 714 1868 i
731 1807 789 1872 quia
801 1823 868 1860 non·

117 1880 178 1932 dum
189 1883 216 1931 in
227 1897 376 1949 quemquam
390 1897 468 1930 unum
481 1880 635 1931 saeviebatur.
956 1934 958 1939 ,

151 1961 223 2011 LVI.
242 1959 354 2009 Fundata
364 1957 452 2007 deinde
464 1959 488 2008 ἃ
500 1957 617 2026 potestate
628 1956 768 2024 tribunicia,
786 1960 811 2010 Bt
820 1961 869 2028 ple»

116 2036 156 2088 bis
163 2037 285 2100 libertate,
303 2045 356 2084 tum
365 2034 458 2083 tribuni
469 2033 569 2099 aggredi
581 2033 685 2099 fingulos
694 2044 774 2084 tutum
786 2047 868 2094 matu-

83 2105 88 2117 “
117 2104 221 2181 tumque
239 2116 291 2179 jam
308 2114 363 2177 rati,
381 2113 548 2165 accusatorem
564 2114 671 2182 primum
689 2115 829 2179 Virginium
841 2116 869 2170 ⁸:

119 2194 229 2261 Appium
241 2208 309 2243 reum
320 2192 439 2258 deligunt.
475 2196 561 2258 Quum
573 2192 638 2243 diem
653 2194 736 2262 Appio
755 2194 868 2260 Virgini·

117 2280 146 2318 us
158 2267 261 2331 dixisset,
279 2269 304 2319 ἃ
322 2270 426 2338 Appius,
442 2269 542 2336 sllpatue
558 2270 667 2337 patriciis
681 2267 822 2336 juvenibus,
839 2271 867 2324 iu

75 2395 78 2399 ,
117 2342 201 2395 sorum
216 2344 387 2410 descendisset;
405 2347 568 2413 redintegrata
588 2348 714 2416 extemplo
732 2349 764 2398 esl
784 2350 867 2400 omni-

117 2421 165 2469 bus
182 2423 302 2471 memoria
316 2423 447 2476 soedillimae
458 2425 591 2494 potestant,
609 2442 685 2493 quum
699 2426 779 2492 ipsum
794 2427 866 2477 satel-

117 2495 221 2561 litesque
233 2496 285 2558 ejus
297 2498 420 2551 vidiss'ent.
453 2507 525 2552 Tum
534 2506 668 2570 Virginius,
681 2506 763 2568 Oratio,
776 2506 867 2570 inquit,

117 2572 179 2623 rebns
190 2572 257 2622 dubiis
274 2575 363 2624 inventa
379 2577 418 2641 est.
451 2580 529 2646 Itaque
547 2597 611 2648 neqne
627 2598 664 2650 ego
681 2581 793 2646 accnfitndn
808 2581 869 2648 apud

117 2667 159 2704 vos
174 2669 223 2702 enm
237 2662 322 2718 tempns
339 2661 418 2717 teram,
435 2655 451 2702 a*
466 2657 526 2720 cujus
541 2660 664 2711 ondelitane
675 2662 759 2726 nosnret
773 2657 813 2724 ipſs
828 2675 869 2707 ar.

116 2733 160 2782 mis
171 2732 312 2796 vindicastis:
329 2747 366 2782 nec
377 2733 440 2796 issum
456 2733 485 2782 ad
494 2744 564 2786 cetera
575 2738 659 2804 stalera
677 2737 832 2804 impudentiam
843 2737 868 2787 ἔκ

117 2811 246 2874 defendendo
263 2811 289 2877 se
308 2810 401 2874 adjicere
417 2811 502 2878 patiar.
536 2803 636 2864 Omnium
657 2816 726 2882 igitur
743 2813 792 2879 tibi,
814 2815 867 2882 Ap.

118 2888 203 2954 Claudi,
219 2905 261 2956 qun
272 2889 339 2956 impie
349 2888 473 2956 nefarieque
484 2900 529 2956 per
539 2889 644 2941 biennium
654 2892 698 2942 alin
703 2893 771 2958 finper
788 2892 832 2941 alia
842 2906 866 2944 es

116 2968 185 3032 arefiet,
191 2968 288 3037 gratiane
295 2967 365 3032 facin.
383 2967 443 3033 nnius
454 2970 539 3018 tannim
550 2969 655 3035 criminis,
666 2968 688 3018 ni
693 2969 788 3035 jndicem
799 2972 865 3037 dicet,

116 3051 139 3101 te
149 3043 175 3098 nl
185 3042 314 3102 taenareo
322 3042 456 3116 slrvllnlen
464 3051 537 3108 contra
546 3045 603 3119 leget
614 3046 720 3105 vindnlnt
733 3066 773 3107 nnn
780 3048 865 3120 denlffl,

474 3123 527 3178 M
839 3128 865 3182 n'n
