1964 3660
353 204 607 258 Lrnnurrt.
691 184 738 220 ⁸
795 213 841 277 ¹⁶7

88 293 198 360 irruperit
208 293 350 345 molernum
365 297 438 345 rerum
455 306 562 346 momenta
577 295 645 346 verti.
663 295 767 346 Accelera
772 298 842 365 figni-

90 372 140 435 fer,
151 374 239 439 sequere
255 373 324 435 miles,
339 373 404 422 inter
418 373 442 424 se
462 390 569 439 quoque,
586 374 752 438 gratificantes
772 376 841 425 duci-

91 446 149 511 ·bus,
167 449 314 499 clamabant.
332 449 494 500 medirnoete
505 451 533 499 ⁴in
547 450 664 514 Algidum
675 454 842 517 perveniunt:

91 524 130 588 ἃ,
147 537 176 575 ιιι
193 525 288 577 sensere
304 521 395 591 sejam
412 543 491 595 prope
507 527 585 578 hostes
600 527 655 593 esse,
672 529 739 593 figna
754 528 842 580 consti·

89 609 183 653 ruunt(

128 683 256 732 XXVIII.
274 681 314 732 Ibi
331 681 444 746 dillator,
461 692 581 748 quantum
592 682 663 732 noiie
677 681 784 751 prospici
795 699 843 752 po·

91 765 167 822 terat,
190 774 254 824 equo
272 761 458 822 circumvedlue,
481 761 715 826 contemplatusque,
733 763 775 827 qui
793 772 842 812 tra·

88 835 147 886 <etos
166 837 307 901 castrorum,
324 851 426 902 quaeque
446 835 527 886 forma
539 835 604 899 oller,
621 837 725 886 tribunis
735 839 842 896 militum

90 913 237 981 Imperavit,
250 924 284 973 ,ut
303 913 408 964 sarcinas
419 914 445 963 in
461 928 539 963 unum
549 914 640 976 conjici
649 914 759 978 jubeant,
776 917 842 964 mili-

91 997 148 1039 tem
159 1006 217 1040 cum
226 992 302 1041 armir
313 990 428 1056 valloque
437 990 518 1040 redire
529 991 555 1040 in
566 989 663 1041 ordines
678 989 742 1040 suos.
770 989 843 1058 satia,

94 1081 150 1131 quae
163 1067 301 1134 imperavit.
322 1072 400 1131 Tum,
418 1082 468 1133 quo
487 1066 681 1117 fuerant-ordine
689 1067 718 1116 in
729 1067 780 1131 via,
797 1082 843 1119 ex·

92 1143 201 1192 ercitum
218 1150 317 1194 omnem
333 1144 409 1208 longo
420 1145 518 1207 agmine
536 1142 673 1194 circumdat
684 1143 790 1195 hollium
801 1160 842 1194 ca·

93 1219 159 1284 siris,
176 1220 209 1285 ἃ,
226 1222 269 1272 ulri
280 1221 374 1286 signum
390 1221 476 1270 datum
495 1219 531 1283 fit,
549 1219 681 1269 clamorem
696 1236 782 1270 omnes
794 1222 842 1271 tol-

94 1297 145 1347 lere
153 1297 233 1362 jubet.
268 1299 374 1366 clamore
389 1298 493 1361 sublato,
511 1308 568 1347 ante
579 1297 603 1345 se
615 1312 737 1363 quemque
754 1297 844 1358 ducere

94 1373 190 1440 fossam,
207 1374 325 1439 &jacere
340 1375 442 1424 vallum.
476 1373 552 1423 Edito
562 1374 677 1437 imperio,
694 1372 789 1438 signum
806 1374 842 1423 se-

90 1462 181 1501 cutum
192 1453 234 1501 est.
266 1453 328 1516 jussa
344 1453 414 1501 miles
432 1449 583 1516 exsequitur,
600 1451 694 1521 elamor
705 1451 783 1501 hostes
794 1450 842 1508 cir·

94 1527 234 1578 oumsonat.
268 1533 369 1594 Superat
387 1527 541 1585 indecastra
554 1527 667 1591 hostium,
686 1527 710 1576 ἃ
721 1527 748 1576 in
767 1527 844 1577 castra

91 1603 200 1654 consulis
217 1606 303 1655 venit:
321 1605 379 1654 alibi
400 1618 529 1671 pavorem,
546 1603 605 1652 alibi
620 1602 737 1666 gaudium
757 1604 843 1669 ingene

89 1680 175 1744 lacit„
199 1682 314 1745 Romani,
330 1682 418 1730 civilem
429 1679 467 1746 effe
477 1680 598 1741 clamorem,
615 1689 677 1744 arque
687 1680 789 1730 aeexilium
803 1679 842 1729 ad-

94 1758 141 1826 effe,
158 1757 222 1808 inter
243 1758 267 1809 se
284 1760 440 1823 gratulantes,
457 1757 523 1805 ultro
544 1771 576 1805 ex
596 1756 739 1806 stationibus
756 1772 785 1805 ac
802 1757 843 1806 vi·

29 1828 33 1833 ’
93 1837 158 1900 gfflis
173 1838 285 1887 territant
296 1837 399 1887 hostem.
424 1832 527 1883 -Consul
537 1831 698 1882 differendum
708 1843 790 1897 negat.
808 1832 842 1883 Il·

92 1913 214 1962 declamare
232 1929 273 1962 nen
291 1913 410 1962 adventum
428 1910 489 1958 modi
502 1909 629 1975 stgnifieari,
640 1909 681 1974 sed
698 1924 745 1957 rem
761 1908 787 1958 ab
795 1909 843 1976 suis

92 2002 204 2060 cupiam:
220 1992 339 2058 nurumque
349 1988 395 2055 ff,
411 1988 434 2038 ni
443 1989 496 2052 jam
509 1988 613 2038 exteriore
618 1995 685 2053 parte
695 1985 762 2050 castra
778 1984 843 2050 besti.

90 2087 129 2122 rem
147 2077 302 2137 oppugnemur.
336 2070 413 2135 Itaque
429 2082 491 2115 mma
499 2066 549 2131 suos
560 2075 651 2130 rapere,
668 2063 695 2114 dr
708 2066 736 2130 se
746 2061 844 2130 subsequi

91 2148 171 2212 jubet.
206 2145 286 2198 Noile
297 2145 388 2196 initum
399 2144 512 2212 proelium
521 2142 579 2192 etta
594 2141 748 2207 legionibus:
765 2139 841 2192 ditia·

91 2225 144 2273 ‘tori
161 2224 267 2275 clamore
286 2222 431 2290 significant,
448 2219 480 2270 ab
499 2234 529 2268 ea
547 2234 646 2285 quoquc
663 2228 732 2286 parte
750 2233 803 2268 rern
813 2220 841 2271 in

93 2299 234 2350 discrimine
245 2298 300 2349 csse.
334 2301 391 2365 Jam
402 2296 426 2347 se
443 2295 474 2347 ad
487 2293 642 2363 prohibenda
655 2293 801 2346 circumdari
812 2312 841 2346 o·

95 2392 154 2444 pera
165 2377 238 2444 {Equi
249 2376 376 2443 parabant,
392 2388 477 2440 quum,
494 2374 527 2424 ab
537 2372 655 2423 Interiore
671 2371 738 2422 hoste
753 2372 841 2439 proelr'o

93 2462 187 2519 coepto,
203 2467 234 2502 ne
245 2469 287 2519 per
303 2451 386 2503 media
403 2451 445 2500 sua
461 2450 537 2500 castra
552 2449 623 2500 fieret
634 2449 742 2514 eruptio,
759 2453 840 2499 imu-

94 2530 219 2581 nieotibur
238 2529 268 2580 ad
280 2540 415 2598 pugnantes
429 2528 562 2578 introrsum
581 2525 652 2590 versi,
669 2540 776 2574 vacuam
794 2540 840 2574 no·
886 2553 890 2563 ·

93 2607 159 2658 Rem
170 2621 239 2674 operi
232 2604 345 2657 Qdedere
379 2615 565 2674 pugnatumque
578 2614 637 2654 cum
648 2599 746 2652 consule
757 2598 788 2649 ad
801 2600 840 2650 lu·-

93 2699 151 2734 cem
161 2683 203 2733 est.
237 2683 305 2733 Luce
322 2684 419 2752 primi'
410 2699 461 2747 Jam
479 2680 658 2732 circumvallati
675 2678 707 2727 ab
722 2675 840 2728 didatore

91 2769 173 2824 erant,
190 2759 217 2811 ἃ
228 2761 275 2811 vix
291 2760 405 2812 adversus
416 2776 492 2810 rurum
504 2760 641 2811 exercitum
651 2769 760 2825 pugnam
772 2751 839 2804 susti·

92 2836 196 2886 nebant.
230 2844 283 2885 tum
296 2839 311 2886 t
325 2834 475 2900 Quinctiano
489 2835 608 2896 exercitu,
626 2831 670 2897 qui
687 2825 840 2878 conteritur

92 2910 203 2978 periodo
214 2926 288 2979 opere
303 2911 335 2962 ad
346 2927 413 2962 arma
423 2909 506 2975 rediit,
522 2909 649 2958 invaditur
662 2904 764 2956 vallum
798 2888 840 2961 hle

90 2985 198 3043 &aba
207 3003 277 3049 Μ,
284 3003 387 3071 ΜΨ
379 2987 448 3048 ‚illa
457 2985 520 3042 nihil
529 2983 654 3058 remiserat
664 2981 840 3127 priormlcffi
