1964 3660
115 189 147 248 ne
374 183 409 234 τ.
445 174 601 233 L1v11'

113 275 147 325 ab
158 276 229 325 initio
238 281 297 334 erat,
306 270 336 320 ad
345 274 426 320 P'atres
440 270 555 320 redierat:
574 271 647 332 hique
656 266 799 332 interregem
808 281 854 317 no-

114 354 277 399 minaverant.
305 360 354 412 quo
371 348 471 395 comitia
489 346 600 406 habente,
614 349 711 392 Ancum
731 345 854 392 Marcium

112 441 196 489 regem
207 423 311 490 populus
322 422 429 470 creavit:
448 425 528 469 Patres
537 421 603 470 suere
615 420 731 469 autlores.
767 424 856 469 Numae

113 500 228 565 Pompilii
244 498 305 560 regis
324 512 407 561 nepos,
426 496 474 543 filie
486 507 563 558 ortus,
577 502 657 544 Ancus
669 496 777 544 Marcius
794 506 855 543 erat.

113 576 164 640 qui,
181 584 209 622 ut
222 587 322 636 regnare
333 573 413 637 eoepit,
432 571 456 619 &
468 572 541 618 avitae
552 571 635 633 gloriae
646 586 749 632 memor,
761 571 785 618 8<
797 570 856 634 quia

112 651 254 718 proximum
263 662 372 711 regnum,
383 657 461 695 cetera
472 647 604 710 egregium,
616 646 647 694 ab
656 661 704 694 una
713 656 781 712 parte
789 645 857 696 haud

113 726 168 778 satis
183 724 326 791 prosperum
342 722 430 785 suerat,
446 733 488 770 aut
499 722 611 785 neglettis
628 724 793 785 religionibus,
813 735 857 774 aut

113 806 189 868 prave
205 803 287 860 cultis,
306 800 377 861 longe
395 799 582 864 antiquissimum
601 811 674 863 ratus,
692 799 757 848 sacra
773 799 856 865 publi-

114 894 150 942 ea,
167 889 196 926 ut-
211 878 244 926 ab
256 880 338 926 Numa
349 875 455 924 instituta
473 887 548 939 erant,
567 878 657 936 iacere;
676 877 759 926 omnia
775 891 804 924 ea
822 889 857 924 ex

115 956 295 1006 commentariis
310 956 373 1018 regis
391 953 542 1020 pontificem,
560 955 584 1003 in
600 953 682 1002 album
700 954 782 1016 relata,
799 967 856 1019 pro-

115 1048 207 1098 ponere
222 1034 246 1080 in
259 1032 357 1097 publico
366 1031 444 1092 jubet.
480 1030 572 1080 inde&
584 1032 680 1079 civibus
696 1031 743 1079 otii
754 1029 857 1096 cupidis,

116 1109 270 1158 &finitimis
290 1107 430 1154 civitatibus
449 1105 511 1153 sana
530 1105 590 1170 spes,
612 1106 637 1153 in
659 1106 700 1154 avi
720 1121 800 1156 mores
819 1115 857 1153 at·

115 1200 163 1248 que
175 1185 280 1231 instituta
292 1197 373 1243 regem
385 1182 516 1227 abiturum.
542 1182 621 1242 Igitur
632 1181 722 1242 Latini,
735 1194 793 1230 cum
802 1183 867 1245 qui-c

115 1258 168 1320 bus,
186 1258 262 1305 Tullo
275 1264 397 1317 regnante,
417 1253 491 1302 isium
509 1253 585 1302 foedus
605 1267 662 1318 erat,
680 1256 820 1306 sustulerant
831 1273 857 1305 a.

115 1336 195 1382 nimos
206 1350 211 1381 :
235 1332 267 1392 ἃ,
280 1345 357 1394 quum
368 1329 528 1378 incursionem
537 1332 562 1379 in
574 1337 810 1395 agrum-Romanum
821 1335 859 1384 fe·

114 1409 205 1470 cissent,
230 1408 393 1471 repetentibus
413 1421 449 1454 res
467 1409 583 1455 Romanis
602 1407 703 1472 superbe
717 1409 858 1475 responsum

116 1484 219 1536 reddunt
228 1500 235 1541 3
253 1480 356 1546 desidem
366 1485 505 1530 Romanum
514 1497 596 1545 regem
605 1485 668 1532 inter
677 1484 760 1533 sacella
772 1487 796 1533 dr
808 1501 860 1535 aras

116 1560 225 1610 asturum
234 1559 279 1609 esse
288 1574 390 1622 regnum
399 1559 454 1606 nti.
489 1560 601 1609 Medium
613 1561 695 1610 eratin
708 1565 779 1610 Anco
791 1563 858 1625 inge-

117 1637 194 1698 nium,
210 1635 234 1683 &
253 1637 348 1696 Numae,
366 1633 391 1681 dr
405 1633 508 1683 Romuli
518 1650 626 1685 mernor:
644 1635 677 1698 dr,
697 1647 859 1703 praeterquam

118 1710 184 1774 qubd
203 1711 245 1758 avi
255 1725 331 1774 regno
348 1710 425 1771 magis
441 1707 595 1759 neeessariam
607 1710 674 1760 fuisse
683 1728 769 1777 pacem
780 1711 861 1760 crede·

118 1786 169 1847 bat,
178 1801 253 1849 quum
262 1787 287 1834 in
296 1801 373 1848 novo,
383 1795 435 1833 tum
448 1784 525 1834 feroci
534 1788 641 1853 populo;
656 1789 738 1850 etiam,
747 1788 814 1853 quod
825 1788 861 1837 illi

117 1861 254 1925 contigisset
266 1865 352 1926 otium,
369 1862 417 1910 fine
428 1862 516 1927 injuria
533 1864 558 1914 id
575 1866 598 1914 se
613 1866 755 1916 baudiacile
766 1867 862 1915 habitu-

118 1952 186 1987 rum:
205 1941 292 1988 tentari
304 1940 453 2007 patientiam,
471 1941 496 1989 ἃ
511 1951 629 1992 tentatam
643 1943 780 1992 contemni:
799 1953 861 1990 tem-

118 2031 228 2082 poraque
247 2018 292 2067 elle
304 2019 380 2067 Tullo
392 2019 444 2082 regi
456 2020 558 2084 aptiora,
571 2026 644 2085 quam
653 2024 749 2070 Numae.
783 2023 818 2068 Ut
827 2029 863 2067 ta·

118 2108 184 2155 men,
196 2096 312 2159 quoniam
321 2097 403 2144 Numa
415 2098 440 2144 in
451 2112 512 2161 pace
521 2097 649 2158 religionen
657 2095 799 2157 instituisset,
815 2093 864 2143 ase

118 2167 211 2217 bellicae
218 2173 365 2219 ceremoniae
376 2171 552 2237 proderentur;
570 2187 614 2221 nec
625 2184 764 2234 gererentur
775 2171 863 2233 solrlm,

118 2242 161 2291 sed
172 2245 246 2291 etiam
257 2246 418 2293 indicerentur
428 2246 493 2292 bella
499 2246 582 2308 aliquo
593 2246 642 2294 ritu
647 2265 654 2306 3
672 2246 712 2308 jus
723 2247 754 2295 ab
762 2247 864 2309 antiqua

119 2326 192 2379 gente
211 2318 353 2381 AEqui‘colis,
376 2319 442 2382 quod
459 2334 524 2367 nunc
540 2319 636 2367 feciales
655 2321 751 2383 habent,
774 2320 863 2370 descri-

119 2391 173 2458 psrt,
191 2407 241 2456 quo
253 2409 289 2442 res
298 2404 449 2459 repetuntur
483 2397 599 2457 Legatus,
613 2396 657 2443 ubi
668 2395 698 2444 ad
708 2395 775 2444 lines
778 2410 864 2445 eorum

119 2468 198 2529 venit,
209 2467 274 2516 unde
285 2483 322 2516 res
333 2479 482 2535 repetuntur,
495 2471 575 2534 capite
587 2470 669 2520 velato
681 2471 722 2520 filo
741 2472 809 2532 (lanae
820 2487 864 2520 ve·
880 2525 883 2540 Δ

120 2541 200 2591 lamen
211 2520 252 2604 est)
261 2545 328 2606 Audi,
337 2546 432 2611 Jupiter,
442 2545 530 2608 inquit,
541 2547 636 2596 audirer
618 2547 681 2610 fines,
691 2545 865 2611 (cujuscunque

121 2619 208 2681 gentis,
218 2617 273 2668 sunt
283 2621 401 2686 nominat)
412 2620 539 2682 audiatfas.
567 2619 625 2688 Ego
626 2623 671 2683 sum
680 2623 774 2688 publicus
782 2624 866 2674 mentius

118 2692 194 2757 populi
205 2694 305 2754 Romani,
316 2693 374 2755 just?
387 2696 463 2758 pie‘que
479 2695 559 2758 legatus
573 2698 644 2758 venio,
656 2697 764 2764 verbisque
775 2699 827 2746 meis
833 2698 866 2760 fi·

120 2767 158 2815 des
164 2768 203 2829 fit.
239 2769 335 2833 Peragit
344 2768 430 2817 deinde
442 2768 569 2834 postulata.
604 2772 665 2820 Inde
681 2773 772 2836 Jovem
783 2774 866 2822 testem

122 2840 195 2890 facit:
214 2845 239 2891 Si
252 2861 289 2908 ego
302 2842 376 2907 injrfit
386 2845 491 2911 impieque
501 2844 546 2894 illos
556 2845 648 2895 homines
659 2848 742 2914 illasque
752 2865 791 2900 ren
797 2848 869 2897 dedier
882 2903 884 2906 Α

120 2919 196 2974 merie
208 2921 383 2991 populiitamari
398 2921 451 2976 mibi
462 2923 552 2994 exposco,
563 2931 610 2974 tum
622 2925 700 2993 patrie
706 2935 824 2991 compotem
834 2942 869 2975 me

764 3014 867 3065 autequam
