1964 3660
156 227 206 279 nr
415 213 641 265 T.L1vrr

157 303 254 362 pernox
264 293 326 357 erat)
342 289 497 341 commissum
506 290 554 340 est:
572 292 597 340 ἃ
608 288 675 340 haud
683 287 799 340 incertius
810 287 903 341 diurno

157 371 243 438 prulio
255 368 312 418 luit.¹
346 367 391 417 Sed
402 369 495 417 elamor
511 369 676 432 Verruginem
693 366 808 434 perlatus,
824 382 903 432 quum

157 447 233 496 nstra
245 449 357 496 Romana
368 445 493 494 crederent
502 449 648 512 oppugnari,
660 455 758 494 tantum
764 443 851 508 injecit
862 458 905 512 pa·

157 523 235 586 voris,
251 533 288 587 ut,
305 524 467 589 nequicquam
478 523 599 572 retinente
613 532 687 587 atque
703 519 848 572 obscurante
859 523 904 571 AE-

156 600 238 662 milio,
255 600 395 652 Tusculum
402 599 477 667 palati
491 599 613 665 sugerent.
649 597 711 648 Inde
720 597 787 648 fama
796 598 904 649 Romam

157 677 252 745 perlata
262 677 303 746 est,
320 677 471 727 Postumium
486 677 672 741 exercitumque
687 673 807 726 occisum.
842 675 904 741 Qui,
947 686 954 703 ’·

157 754 203 804 ubi
218 756 297 823 prima
308 755 353 805 lux
360 766 454 804 metum
463 754 605 806 infidiarum
615 754 689 806 effuse
700 754 856 821 sequentibus
864 753 907 804 su·

158 831 233 897 dulit,
256 834 334 899 quum
353 831 523 901 perequitiffet
540 833 626 895 aciem,
649 831 766 899 promilla,
784 843 904 900 repetens,

158 919 257 960 tantum
268 911 354 974 injecit
364 909 465 974 ardoris,
481 921 510 959 ut
523 925 574 960 non
583 911 646 962 ultra
657 909 811 961 sustinuerint
826 911 904 977 impe·

159 995 215 1038 tum
226 988 309 1054 AEqui.
326 986 402 1038 caedes
413 986 469 1037 inde
483 987 641 1052 fugientium,
657 988 733 1054 qualis
748 985 792 1037 ubi
803 988 840 1037 ira
850 1003 904 1037 ma·

71 1064 75 1071 ’
160 1067 207 1132 gis,
224 1071 298 1132 quam
311 1067 413 1130 virtute,
429 1081 467 1116 res
487 1068 588 1131 geritur,
605 1066 636 1117 ad
649 1066 783 1134 perniciem
799 1065 905 1132 hollium

159 1143 225 1196 fana
233 1144 279 1206 est3
296 1139 435 1215 tristemque
443 1143 474 1192 ab
484 1143 596 1194 Tusculo
605 1144 729 1206 nuncium,
740 1143 905 1209 nequicquam

159 1222 279 1272 exterrita
291 1222 401 1293 civitate,
417 1221 492 1270 litera
504 1226 520 1270 d
531 1221 655 1271 Postumio
669 1222 783 1272 laureatae
799 1220 904 1287 sequun-

160 1307 219 1348 tur:
237 1297 464 1366 vinorumpopuli
475 1300 583 1349 Romani
599 1298 658 1362 elle;
679 1301 817 1409 AEquorum
831 1313 904 1350 exer·

129 1394 137 1399 ·
160 1377 241 1427 ertum
249 1375 366 1427 deletum

196 1457 296 1506 XXIX.
314 1452 487 1504 Tribunorum
503 1454 581 1522 plebis
596 1454 705 1506 actiones
719 1457 777 1522 quia
793 1454 905 1508 nondum

159 1531 308 1583 invenerant
321 1510 404 1597 finem,
425 1532 451 1583 de
468 1534 535 1599 plebs
551 1534 696 1585 continuare
712 1535 829 1585 latoribus
845 1535 906 1599 legis

160 1610 323 1674 tribunatum,
339 1610 365 1661 de
377 1613 458 1661 Patron
468 1611 568 1662 reficere
583 1610 750 1662 intercessores
760 1613 821 1676 legis
832 1611 904 1663 anui·

158 1687 256 1738 ¹disum.
273 1688 314 1739 sed
326 1689 378 1757 plus
390 1688 438 1739 suis
446 1689 551 1739 comitiis
566 1690 633 1756 plebs
644 1690 732 1739 valuit.
750 1690 904 1755 quemdolo·

155 1780 215 1827 ,rem
225 1768 272 1817 ulti
283 1770 364 1818 Patres
376 1767 440 1833 lunt,
453 1766 664 1839 senatusconsulto
680 1765 754 1832 laeto,
771 1779 800 1818 ut
816 1767 904 1819 consu·

161 1845 204 1910 les,
222 1845 316 1897 invisus
325 1848 390 1914 plebi
398 1847 558 1911 magistratus,
575 1858 723 1899 crearentur.
740 1851 840 1898 Annum
851 1847 906 1914 post

160 1924 278 1991 quintum
297 1924 419 1974 decimum
434 1926 508 1974 creari
524 1924 632 1975 consules
653 1927 684 1974 L.
703 1925 831 1977 Lucretius
848 1926 905 1974 Fla·

161 2007 276 2065 vus,Ser.
292 2005 411 2072 Sulpicius
422 2006 573 2054 Camerinus.
606 2002 733 2068 Principio
746 2003 818 2066 hujus
837 2004 907 2070 anni,
945 2021 949 2025 ·

158 2077 286 2146 ferociter,
303 2085 361 2148 quia
369 2098 443 2132 nemo
454 2097 486 2133 ex
498 2081 602 2145 collegio
611 2080 778 2131 intercessurus
788 2092 848 2145 erat,
865 2098 908 2133 co·

158 2159 223 2208 ortis
232 2159 262 2210 ad
277 2160 446 2226 perferendam
462 2160 542 2223 legem
549 2158 755 2224 tribunis-plebis,
772 2158 906 2224 necsegni-

161 2237 191 2284 ὼ
202 2238 236 2286 ob
247 2237 273 2285 id
286 2237 366 2302 ipsum
376 2236 521 2286 consulibus·
529 2235 696 2298 resistentibus,
713 2238 831 2300 omnique
842 2239 908 2287 civi-

159 2323 212 2363 tate
221 2314 247 2363 in
254 2329 329 2363 unam
336 2329 392 2362 eam
406 2315 625 2376 curamcouverrd,
642 2313 767 2362 Vitelliam
780 2314 908 2367 coloniam

156 2392 301 2445 Romanam
314 2393 340 2441 in
353 2391 402 2442 sno
418 2406 479 2456 agro
497 2391 572 2458 AEqui
587 2402 739 2458 expugnant.
758 2392 908 2447 colonorum

160 2485 217 2540 pars
232 2471 341 2541 maxima
358 2471 572 2538 incolumis‚'quia
585 2469 656 2539 nolle
672 2470 813 2538 proditione
830 2475 905 2540 oppi-

159 2548 222 2601 dum
233 2561 333 2617 captum
344 2551 446 2603 liberam
460 2566 504 2618 per
514 2549 600 2600 aversa
616 2551 690 2600 urbis·
700 2550 785 2615 rugam
796 2551 907 2619 dederat,

160 2631 269 2687 Romam
280 2629 417 2696 perfugere.
451 2632 483 2679 L;
496 2630 613 2680 Lucretio
625 2629 720 2680 consuli
734 2646 763 2680 ea
776 2632 909 2697 provincia

160 2710 256 2760 evenit.
273 2710 301 2773 is,
319 2724 376 2759 cum
386 2710 498 2759 exercitu
514 2707 644 2776 proseflus,
661 2710 715 2758 acie
731 2710 809 2760 hostes
826 2710 906 2774 vicit;

160 2787 293 2854 viliorque
302 2791 407 2838 Romam
415 2788 447 2838 ad
463 2787 542 2850 majus
556 2789 681 2852 aliquanto
690 2798 813 2838 certamen
822 2787 907 2839 rediit.

156 2866 223 2916 ·Dies
231 2866 295 2916 diila
302 2877 356 2916 erat
366 2867 471 2917 tribunis
482 2866 559 2934 plebis
565 2864 658 2915 breonu
668 2864 840 2941 superioriaAt
850 2867 907 2919 Vir-

154 2943 238 3008 -ginio
245 2947 270 2995 er
280 2949 314 3010 Q.
324 2947 479 3014 Pomponio·
497 2942 666 3011 quordesendi
678 2947 779 2997 Parrum
786 2943 906 2997 consensu

160 3022 195 3074 ed
206 3020 281 3080 fidem
293 3024 390 3078 senatur
387 3024 552 3153 pertinebat
567 3036 653 3090 neque.
