1964 3660
181 254 235 307 ⁴194
427 239 479 316 fl'.
512 240 540 293 L'
554 241 569 292 1
584 244 610 293 v
627 242 671 294 11

180 330 217 386 ie,
235 323 359 390 proditum
373 323 499 372 memorie
510 323 559 382 ell;
576 323 601 372 ἃ
613 327 651 372 Μ.
665 322 784 387 Duiliutn,
795 323 838 390 qui
849 323 928 377 tribu·

110 406 113 413 “
182 409 269 447 natum
279 399 397 463 insignem
405 408 463 447 ante
479 396 635 447 decemviros
646 409 740 448 creatos
757 399 866 465 gelidat,
882 417 929 451 nec

182 477 210 524 in
227 476 431 526 decemviralibus
450 475 624 523 certaminibus
643 475 708 542 plebi
725 476 846 527 defuerat.
881 482 930 544 Spe

182 552 270 602 deinde
280 554 366 617 magis,
384 557 457 618 quern
473 552 577 614 mentio,
599 552 677 616 cicili,
694 557 733 603 M.
750 555 870 617 Titiniusl,
887 557 928 603 M.

181 630 341 696 Pomponius,
360 631 389 678 C.
403 628 536 694 Apronius,
553 630 580 677 P.
594 629 690 691 Villius,
703 633 732 678 C.
746 632 849 697 Oppius.
868 631 928 680 Tri·

180 704 275 757 bunatu
287 708 359 772 inito,
377 708 409 756 L.
426 706 509 756 Icilius
528 707 655 773 extemplo
669 707 766 773 plebem
777 710 885 773 rogavit,
902 709 928 759 de

180 783 249 851 plebs
260 785 341 848 scivit,
359 785 442 835 necui
459 784 540 834 standi
557 784 614 832 ell'et
631 783 726 834 ieceffio
738 785 770 834 ab
781 785 928 837 decemviris

180 860 251 911 salla.
286 863 421 914 Confestim
437 861 468 911 de
478 860 626 911 ¹consulibus
641 862 751 911 creandis
761 879 820 912 cum
831 878 925 930 provo·

179 943 279 992 catione
296 946 334 992 M.
348 941 445 992 Duilius
461 941 617 1004 rogationem
627 939 737 1006 pertulit.
763 957 793 991 ea
804 941 888 992 omnia
899 942 926 992 in

180 1021 256 1085 pratis
268 1020 393 1069 Flaminiis
404 1018 512 1068 coneilio
532 1017 608 1082 plebis
625 1015 686 1081 aila,
703 1031 777 1083 quern
787 1032 853 1069 nunc
871 1019 925 1069 eir·

179 1109 238 1145 cum
250 1095 397 1145 Flaminium
409 1093 541 1159 appellant.

181 1184 184 1191 ·
212 1172 270 1220 LV.
289 1172 334 1219 Per
345 1172 493 1232 interregem
504 1166 592 1216 deinde
606 1166 716 1217 consules
727 1170 810 1235 creati,
828 1171 860 1219 L.
872 1174 925 1222 Va·

178 1247 260 1310 letius,
278 1249 317 1296 M.
331 1246 465 1306 Horatius;
482 1244 524 1311 qui
536 1236 662 1310 'extemplo
673 1247 840 1308 magistratum
852 1264 925 1300 occe·

177 1335 284 1390 perunte
303 1338 409 1389 quorum
420 1320 557 1372 consulatus
568 1322 692 1387 popularis
703 1321 752 1371 stne
763 1324 813 1374 ulla
824 1327 925 1375 Petrum

178 1401 276 1463 injuria,
294 1416 339 1449 nec
350 1399 398 1448 fine
412 1398 545 1448 offensione
558 1398 616 1447 tuit.
639 1400 759 1464 quicquid
773 1403 840 1450 enim
850 1402 925 1452 liber·

129 1479 133 1483 ”
176 1478 222 1527 tati
232 1478 309 1544 plebis
316 1487 455 1541 caveretur,
467 1475 492 1525 id
503 1475 551 1525 suis
562 1473 677 1524 decedere
686 1477 773 1542 opibus
783 1478 924 1529 credebant.

177 1555 298 1606 Omnium
315 1554 441 1621 primurn,‘
456 1567 534 1619 quum
551 1551 630 1601 veluti
647 1552 673 1601 in
692 1553 854 1604 controverso
866 1556 924 1617 jure

175 1631 242 1697 esset,
259 1643 431 1682 tenerenturne
440 1633 522 1681 Patres
533 1630 673 1698 plebiscitis,
689 1630 770 1695 legem
781 1633 924 1683 centuriatis

176 1710 285 1759 comitiis
302 1708 386 1771 tulere,
403 1710 445 1771 Ut,-
460 1707 515 1775 quod
527 1707 625 1757 tribuite
632 1706 704 1774 plebes
708 1707 805 1773 jufflffit,
819 1711 924 1775 populum

175 1795 265 1838 teneret.
292 1787 341 1852 qui
355 1788 408 1850 lege
419 1785 556 1835 tribuniciis
562 1786 737 1850 rogationibus
747 1787 823 1837 telum
833 1789 923 1836 acerri-

175 1877 245 1915 mum
256 1866 341 1916 clatum
358 1865 400 1914 est.
436 1865 518 1914 Aliam
532 1862 619 1915 deinde
633 1863 785 1915 consularem
796 1865 875 1928 legem
892 1865 923 1915 de

176 1943 365 2010 provocatione,
383 1942 484 1991 unicum
501 1939 638 2008 praesrdium
654 1942 781 2006 libertatis,
799 1942 922 1992 decemvi-

176 2020 222 2070 rali
233 2021 350 2087 potestate
362 2017 480 2083 eversam,
497 2032 549 2067 non
560 2017 688 2068 restituunt
698 2018 782 2082 modo,
796 2018 836 2070 sed
848 2021 922 2070 etiam

176 2097 203 2146 in
220 2100 342 2165 posterum
359 2097 482 2162 muniunt,
498 2095 631 2146 sanciendo
639 2096 741 2146 'noram
760 2099 846 2162 legem,
880 2102 924 2146 Ne

175 2177 221 2242 quis
232 2177 297 2224 ullum
308 2177 460 2244 magistratum
473 2174 521 2241 fine
529 2175 681 2241 pmvocatiorte
693 2184 786 2225 crearet.
806 2177 842 2241 qui
852 2176 922 2241 creis·

170 2255 214 2319 set,
232 2248 280 2301 cum
285 2255 325 2316 jus
337 2256 417 2320 fasque
427 2254 564 2320 effetoccidi:
582 2268 639 2302 neve
649 2269 674 2301 ea
687 2254 749 2302 ceder
759 2252 857 2319 capitalis
867 2268 923 2302 noxe

175 2327 295 2378 delectur.
331 2333 362 2378 Et
377 2346 453 2395 quum
470 2330 567 2396 plebem
580 2330 639 2378 hine
655 2330 844 2397 provocatione,
862 2329 921 2380 hinc

176 2405 311 2456 tribunicio
325 2408 419 2456 auxilio
437 2407 493 2456 saris
504 2404 643 2469 lirmiilent,
660 2405 715 2473 ipsu
726 2408 824 2472 quoqu'e
841 2405 921 2456 tribu·

175 2483 223 2546 nis,
243 2492 272 2533 ut
290 2483 433 2534 sacrosancii
453 2484 604 2548 viderentur,
626 2484 706 2548 (cujus
723 2485 758 2532 tei
775 2485 851 2551 propri
867 2482 921 2546 jam

176 2563 298 2612 memoria
313 2563 464 2626 aboleverat)
482 2563 562 2613 relatis
578 2562 723 2629 quibusdam
735 2577 768 2612 ex
778 2576 870 2625 magno
881 2562 921 2611 in-

175 2641 282 2689 cervario
293 2641 445 2704 ceremoniis,
452 2642 619 2702 renovdrunt;
630 2641 656 2690 t:
667 2636 744 2706 quu'nt
755 2639 873 2702 religione
882 2641 921 2688 in·

177 2720 285 2768 violatos
303 2735 352 2783 eos,
370 2729 423 2770 tum
440 2719 493 2783 lege
504 2719 704 2782 etiamfecerunt,
721 2716 860 2781 sanciendo,
877 2713 924 2782 Πέ,Ι

175 2795 212 2861 qui
232 2795 321 2847 tribunis
337 2797 413 2865 plebis,
429 2795 528 2860 edilibus,
539 2796 655 2861 judicibus,
665 2796 800 2845 decemviris
816 2793 920 2858 ndcuiffct,

176 2873 224 2934 ejus
233 2882 298 2938 caput
308 2875 457 2941 Jovisacrum
467 2874 524 2942 effer.
531 2873 623 2941 familia
636 2874 671 2922 ad*
681 2872 744 2921 edem
757 2871 848 2934 Cereris,
856 2872 921 2920 nile-

176 2949 207 3012 ri,
220 2950 337 3016 Libereque
348 2968 428 3003 venum
438 2952 489 3001 iret.
523 2952 577 3000 Hic
590 2951 644 3014 lege
651 2950 712 3012 juris
722 2944 865 3014 interpretes
875 2962 920 2996 ne·

174 3035 238 3097 gant
249 3035 397 3096 quemquern
415 3026 593 3086 uenenum
607 3024 803 3095 elice-sedeunt,
819 3024 862 3094 qui
874 3038 921 3072 eo·

264 3142 266 3147 ·
547 3126 552 3133 ·
807 3121 810 3128 ’
856 3113 917 3159 WB}
