<?xml version="1.0" encoding="UTF-8"?>
<!DOCTYPE html PUBLIC "-//W3C//DTD XHTML 1.0 Transitional//EN"
    "http://www.w3.org/TR/xhtml1/DTD/xhtml1-transitional.dtd">
<html xmlns="http://www.w3.org/1999/xhtml" xml:lang="en" lang="en">
 <head>
  <title>
</title>
<meta http-equiv="Content-Type" content="text/html;charset=utf-8" />
  <meta name='ocr-system' content='tesseract 3.04.00' />
  <meta name='ocr-capabilities' content='ocr_page ocr_carea ocr_par ocr_line ocrx_word'/>
</head>
<body>
  <div class='ocr_page' id='page_1' title='image "./titiliviipatavi00livygoog_0472.png"; bbox 0 0 1964 3660; ppageno 0'>
   <div class='ocr_carea' id='block_1_1' title="bbox 342 234 860 294">
    <p class='ocr_par' dir='ltr' id='par_1_1' title="bbox 342 234 860 294">
     <span class='ocr_line' id='line_1_1' title="bbox 342 234 860 294; baseline -0.004 -8"><span class='ocrx_word' id='word_1_1' title='bbox 342 235 512 286; x_wconf 70' lang='lat' dir='ltr'>tinuit</span> <span class='ocrx_word' id='word_1_2' title='bbox 546 235 624 283; x_wconf 84' lang='lat' dir='ltr'>vm.</span> <span class='ocrx_word' id='word_1_3' title='bbox 812 234 860 294; x_wconf 70' lang='lat'>4⁶1</span> 
     </span>
    </p>
   </div>
   <div class='ocr_carea' id='block_1_2' title="bbox 114 316 873 1611">
    <p class='ocr_par' dir='ltr' id='par_1_2' title="bbox 114 316 873 1458">
     <span class='ocr_line' id='line_1_2' title="bbox 115 316 863 388; baseline -0.003 -19"><span class='ocrx_word' id='word_1_4' title='bbox 115 322 178 370; x_wconf 87' lang='lat' dir='ltr'>mari</span> <span class='ocrx_word' id='word_1_5' title='bbox 199 324 293 371; x_wconf 81' lang='lat' dir='ltr'>Antiati</span> <span class='ocrx_word' id='word_1_6' title='bbox 313 323 406 388; x_wconf 89' lang='lat' dir='ltr'>populo</span> <span class='ocrx_word' id='word_1_7' title='bbox 426 321 467 382; x_wconf 90' lang='lat' dir='ltr'>est,</span> <span class='ocrx_word' id='word_1_8' title='bbox 488 321 619 370; x_wconf 83' lang='lat' dir='ltr'>&amp;civitas</span> <span class='ocrx_word' id='word_1_9' title='bbox 639 318 718 368; x_wconf 51' lang='lat' dir='ltr'>data.¹</span> <span class='ocrx_word' id='word_1_10' title='bbox 740 316 863 367; x_wconf 71' lang='lat' dir='ltr'>Tiburtes</span> 
     </span>
     <span class='ocr_line' id='line_1_3' title="bbox 115 395 864 462; baseline -0.005 -17"><span class='ocrx_word' id='word_1_11' title='bbox 115 397 299 462; x_wconf 74' lang='lat' dir='ltr'>Praenestinique</span> <span class='ocrx_word' id='word_1_12' title='bbox 316 413 376 460; x_wconf 82' lang='lat' dir='ltr'>agro</span> <span class='ocrx_word' id='word_1_13' title='bbox 393 396 510 458; x_wconf 70' lang='lat' dir='ltr'>muliiati,</span> <span class='ocrx_word' id='word_1_14' title='bbox 527 411 607 460; x_wconf 86' lang='lat' dir='ltr'>neque</span> <span class='ocrx_word' id='word_1_15' title='bbox 618 395 653 445; x_wconf 93' lang='lat' dir='ltr'>ob</span> <span class='ocrx_word' id='word_1_16' title='bbox 670 407 754 442; x_wconf 83' lang='lat' dir='ltr'>recens</span> <span class='ocrx_word' id='word_1_17' title='bbox 765 396 864 442; x_wconf 81' lang='lat' dir='ltr'>tantum</span> 
     </span>
     <span class='ocr_line' id='line_1_4' title="bbox 114 468 865 536; baseline -0.005 -13"><span class='ocrx_word' id='word_1_18' title='bbox 114 474 262 536; x_wconf 85' lang='lat' dir='ltr'>rebellionis,</span> <span class='ocrx_word' id='word_1_19' title='bbox 280 488 410 523; x_wconf 89' lang='lat' dir='ltr'>conunune</span> <span class='ocrx_word' id='word_1_20' title='bbox 425 489 482 523; x_wconf 89' lang='lat' dir='ltr'>cum</span> <span class='ocrx_word' id='word_1_21' title='bbox 499 474 552 522; x_wconf 85' lang='lat' dir='ltr'>aliis</span> <span class='ocrx_word' id='word_1_22' title='bbox 570 473 673 533; x_wconf 83' lang='lat' dir='ltr'>Latinis,</span> <span class='ocrx_word' id='word_1_23' title='bbox 691 472 798 532; x_wconf 88' lang='lat' dir='ltr'>crimen;</span> <span class='ocrx_word' id='word_1_24' title='bbox 823 468 865 519; x_wconf 87' lang='lat' dir='ltr'>sed</span> 
     </span>
     <span class='ocr_line' id='line_1_5' title="bbox 116 545 864 617; baseline -0.004 -20"><span class='ocrx_word' id='word_1_25' title='bbox 116 549 191 614; x_wconf 81' lang='lat' dir='ltr'>quod,</span> <span class='ocrx_word' id='word_1_26' title='bbox 209 551 283 599; x_wconf 79' lang='lat' dir='ltr'>taedio</span> <span class='ocrx_word' id='word_1_27' title='bbox 299 552 396 617; x_wconf 88' lang='lat' dir='ltr'>imperii</span> <span class='ocrx_word' id='word_1_28' title='bbox 409 550 524 612; x_wconf 88' lang='lat' dir='ltr'>Romani,</span> <span class='ocrx_word' id='word_1_29' title='bbox 542 563 599 598; x_wconf 89' lang='lat' dir='ltr'>cum</span> <span class='ocrx_word' id='word_1_30' title='bbox 611 548 698 610; x_wconf 85' lang='lat' dir='ltr'>Gallis,</span> <span class='ocrx_word' id='word_1_31' title='bbox 714 558 786 610; x_wconf 82' lang='lat' dir='ltr'>gente</span> <span class='ocrx_word' id='word_1_32' title='bbox 805 545 864 595; x_wconf 82' lang='lat' dir='ltr'>eise·</span> 
     </span>
     <span class='ocr_line' id='line_1_6' title="bbox 115 624 865 692; baseline -0.003 -16"><span class='ocrx_word' id='word_1_33' title='bbox 115 638 177 689; x_wconf 83' lang='lat' dir='ltr'>rata,</span> <span class='ocrx_word' id='word_1_34' title='bbox 202 643 270 677; x_wconf 84' lang='lat' dir='ltr'>arma</span> <span class='ocrx_word' id='word_1_35' title='bbox 289 627 415 692; x_wconf 85' lang='lat' dir='ltr'>quondam</span> <span class='ocrx_word' id='word_1_36' title='bbox 435 624 619 676; x_wconf 77' lang='lat' dir='ltr'>consociiffent.</span> <span class='ocrx_word' id='word_1_37' title='bbox 656 627 748 675; x_wconf 78' lang='lat' dir='ltr'>Ceteris</span> <span class='ocrx_word' id='word_1_38' title='bbox 768 624 865 674; x_wconf 76' lang='lat' dir='ltr'>Latinis</span> 
     </span>
     <span class='ocr_line' id='line_1_7' title="bbox 116 699 866 766; baseline 0 -18"><span class='ocrx_word' id='word_1_39' title='bbox 116 703 214 766; x_wconf 85' lang='lat' dir='ltr'>populis</span> <span class='ocrx_word' id='word_1_40' title='bbox 231 703 355 752; x_wconf 89' lang='lat' dir='ltr'>connubia</span> <span class='ocrx_word' id='word_1_41' title='bbox 372 701 567 765; x_wconf 84' lang='lat' dir='ltr'>commerciaque</span> <span class='ocrx_word' id='word_1_42' title='bbox 587 700 613 750; x_wconf 89' lang='lat'>&amp;</span> <span class='ocrx_word' id='word_1_43' title='bbox 632 699 738 748; x_wconf 84' lang='lat' dir='ltr'>concilia</span> <span class='ocrx_word' id='word_1_44' title='bbox 760 701 824 748; x_wconf 88' lang='lat' dir='ltr'>inter</span> <span class='ocrx_word' id='word_1_45' title='bbox 840 699 866 748; x_wconf 91' lang='lat' dir='ltr'>se</span> 
     </span>
     <span class='ocr_line' id='line_1_8' title="bbox 117 774 866 844; baseline -0.001 -18"><span class='ocrx_word' id='word_1_46' title='bbox 117 776 270 826; x_wconf 80' lang='lat' dir='ltr'>ademerunt.</span> <span class='ocrx_word' id='word_1_47' title='bbox 307 779 447 844; x_wconf 75' lang='lat' dir='ltr'>campanis,</span> <span class='ocrx_word' id='word_1_48' title='bbox 464 778 574 841; x_wconf 89' lang='lat' dir='ltr'>equitum</span> <span class='ocrx_word' id='word_1_49' title='bbox 584 774 691 841; x_wconf 45' lang='lat' dir='ltr'>‚honoria</span> <span class='ocrx_word' id='word_1_50' title='bbox 710 775 790 834; x_wconf 79' lang='lat' dir='ltr'>causi,</span> <span class='ocrx_word' id='word_1_51' title='bbox 807 776 866 839; x_wconf 81' lang='lat' dir='ltr'>quia</span> 
     </span>
     <span class='ocr_line' id='line_1_9' title="bbox 118 849 866 915; baseline 0.001 -13"><span class='ocrx_word' id='word_1_52' title='bbox 118 869 175 903; x_wconf 87' lang='lat' dir='ltr'>cum</span> <span class='ocrx_word' id='word_1_53' title='bbox 187 856 281 903; x_wconf 87' lang='lat' dir='ltr'>Latinis</span> <span class='ocrx_word' id='word_1_54' title='bbox 293 855 409 903; x_wconf 84' lang='lat' dir='ltr'>rebellare</span> <span class='ocrx_word' id='word_1_55' title='bbox 421 854 560 915; x_wconf 83' lang='lat' dir='ltr'>noluissent,</span> <span class='ocrx_word' id='word_1_56' title='bbox 587 849 758 915; x_wconf 81' lang='lat' dir='ltr'>Fundanisque</span> <span class='ocrx_word' id='word_1_57' title='bbox 770 852 795 901; x_wconf 70' lang='grc' dir='ltr'><strong><em>ἃ</em></strong></span> <span class='ocrx_word' id='word_1_58' title='bbox 804 853 866 903; x_wconf 85' lang='lat' dir='ltr'>For.-</span> 
     </span>
     <span class='ocr_line' id='line_1_10' title="bbox 117 925 873 998; baseline -0.001 -20"><span class='ocrx_word' id='word_1_59' title='bbox 117 932 213 992; x_wconf 85' lang='lat' dir='ltr'>mianis,</span> <span class='ocrx_word' id='word_1_60' title='bbox 231 931 297 995; x_wconf 80' lang='lat' dir='ltr'>qudd</span> <span class='ocrx_word' id='word_1_61' title='bbox 314 947 358 998; x_wconf 89' lang='lat' dir='ltr'>per</span> <span class='ocrx_word' id='word_1_62' title='bbox 375 931 434 981; x_wconf 82' lang='lat' dir='ltr'>fines</span> <span class='ocrx_word' id='word_1_63' title='bbox 448 945 535 980; x_wconf 88' lang='lat' dir='ltr'>eorum</span> <span class='ocrx_word' id='word_1_64' title='bbox 547 939 601 977; x_wconf 86' lang='lat' dir='ltr'>tuta</span> <span class='ocrx_word' id='word_1_65' title='bbox 618 937 756 994; x_wconf 82' lang='lat' dir='ltr'>pacataque</span> <span class='ocrx_word' id='word_1_66' title='bbox 772 925 873 994; x_wconf 89' lang='lat' dir='ltr'>semper·</span> 
     </span>
     <span class='ocr_line' id='line_1_11' title="bbox 117 1002 865 1069; baseline -0.005 -13"><span class='ocrx_word' id='word_1_67' title='bbox 117 1005 198 1056; x_wconf 79' lang='lat' dir='ltr'>suisset</span> <span class='ocrx_word' id='word_1_68' title='bbox 207 1009 257 1069; x_wconf 88' lang='lat' dir='ltr'>via,</span> <span class='ocrx_word' id='word_1_69' title='bbox 274 1009 363 1058; x_wconf 82' lang='lat' dir='ltr'>civitas</span> <span class='ocrx_word' id='word_1_70' title='bbox 374 1008 423 1057; x_wconf 81' lang='lat' dir='ltr'>stne</span> <span class='ocrx_word' id='word_1_71' title='bbox 436 1005 553 1068; x_wconf 81' lang='lat' dir='ltr'>suffragio</span> <span class='ocrx_word' id='word_1_72' title='bbox 565 1002 631 1052; x_wconf 81' lang='lat' dir='ltr'>data.</span> <span class='ocrx_word' id='word_1_73' title='bbox 659 1006 783 1052; x_wconf 80' lang='lat' dir='ltr'>Cumanos</span> <span class='ocrx_word' id='word_1_74' title='bbox 796 1003 865 1052; x_wconf 87' lang='lat' dir='ltr'>Sues·</span> 
     </span>
     <span class='ocr_line' id='line_1_12' title="bbox 118 1078 866 1150; baseline -0.007 -16"><span class='ocrx_word' id='word_1_75' title='bbox 118 1082 263 1150; x_wconf 84' lang='lat' dir='ltr'>sulanosque</span> <span class='ocrx_word' id='word_1_76' title='bbox 282 1083 389 1149; x_wconf 87' lang='lat' dir='ltr'>ejusdem</span> <span class='ocrx_word' id='word_1_77' title='bbox 408 1084 471 1147; x_wconf 79' lang='lat' dir='ltr'>juris</span> <span class='ocrx_word' id='word_1_78' title='bbox 490 1078 696 1145; x_wconf 84' lang='lat' dir='ltr'>conditionisque,</span> <span class='ocrx_word' id='word_1_79' title='bbox 727 1079 796 1143; x_wconf 73' lang='lat' dir='ltr'>cujus</span> <span class='ocrx_word' id='word_1_80' title='bbox 817 1083 866 1129; x_wconf 84' lang='lat' dir='ltr'>Ca-</span> 
     </span>
     <span class='ocr_line' id='line_1_13' title="bbox 117 1157 867 1228; baseline -0.004 -18"><span class='ocrx_word' id='word_1_81' title='bbox 117 1176 202 1228; x_wconf 88' lang='lat' dir='ltr'>puam,</span> <span class='ocrx_word' id='word_1_82' title='bbox 219 1160 265 1210; x_wconf 88' lang='lat' dir='ltr'>ess&#39;e</span> <span class='ocrx_word' id='word_1_83' title='bbox 277 1161 376 1228; x_wconf 83' lang='lat' dir='ltr'>placuit.</span> <span class='ocrx_word' id='word_1_84' title='bbox 412 1164 496 1212; x_wconf 73' lang='lat' dir='ltr'>Nares</span> <span class='ocrx_word' id='word_1_85' title='bbox 513 1157 653 1208; x_wconf 78' lang='lat' dir='ltr'>Antiatium</span> <span class='ocrx_word' id='word_1_86' title='bbox 670 1157 761 1224; x_wconf 88' lang='lat' dir='ltr'>partim</span> <span class='ocrx_word' id='word_1_87' title='bbox 778 1159 804 1206; x_wconf 86' lang='lat' dir='ltr'>in</span> <span class='ocrx_word' id='word_1_88' title='bbox 821 1173 867 1207; x_wconf 81' lang='lat' dir='ltr'>na·</span> 
     </span>
     <span class='ocr_line' id='line_1_14' title="bbox 118 1231 867 1306; baseline -0.004 -19"><span class='ocrx_word' id='word_1_89' title='bbox 118 1238 186 1288; x_wconf 82' lang='lat' dir='ltr'>valia</span> <span class='ocrx_word' id='word_1_90' title='bbox 197 1241 283 1288; x_wconf 69' lang='lat' dir='ltr'>Roma</span> <span class='ocrx_word' id='word_1_91' title='bbox 298 1237 428 1303; x_wconf 68' lang='lat' dir='ltr'>snbdui&#39;tae,</span> <span class='ocrx_word' id='word_1_92' title='bbox 446 1237 537 1306; x_wconf 76' lang='lat' dir='ltr'>partim</span> <span class='ocrx_word' id='word_1_93' title='bbox 553 1232 666 1296; x_wconf 77' lang='lat' dir='ltr'>incensa,</span> <span class='ocrx_word' id='word_1_94' title='bbox 681 1231 810 1299; x_wconf 86' lang='lat' dir='ltr'>rostrisque</span> <span class='ocrx_word' id='word_1_95' title='bbox 825 1249 867 1284; x_wconf 86' lang='lat' dir='ltr'>ea·</span> 
     </span>
     <span class='ocr_line' id='line_1_15' title="bbox 116 1308 867 1379; baseline -0.008 -11"><span class='ocrx_word' id='word_1_96' title='bbox 116 1330 174 1368; x_wconf 76' lang='lat' dir='ltr'>rum</span> <span class='ocrx_word' id='word_1_97' title='bbox 185 1315 329 1379; x_wconf 81' lang='lat' dir='ltr'>suggestum,</span> <span class='ocrx_word' id='word_1_98' title='bbox 346 1317 372 1365; x_wconf 92' lang='lat' dir='ltr'>in</span> <span class='ocrx_word' id='word_1_99' title='bbox 384 1315 441 1366; x_wconf 86' lang='lat' dir='ltr'>soro</span> <span class='ocrx_word' id='word_1_100' title='bbox 455 1310 613 1376; x_wconf 74' lang='lat' dir='ltr'>extruunn,</span> <span class='ocrx_word' id='word_1_101' title='bbox 629 1308 744 1360; x_wconf 79' lang='lat' dir='ltr'>adornari</span> <span class='ocrx_word' id='word_1_102' title='bbox 757 1311 867 1378; x_wconf 79' lang='lat' dir='ltr'>placuit:</span> 
     </span>
     <span class='ocr_line' id='line_1_16' title="bbox 118 1389 593 1458; baseline -0.013 -16"><span class='ocrx_word' id='word_1_103' title='bbox 118 1391 254 1455; x_wconf 83' lang='lat' dir='ltr'>Rostraque</span> <span class='ocrx_word' id='word_1_104' title='bbox 265 1390 291 1440; x_wconf 91' lang='lat' dir='ltr'>id</span> <span class='ocrx_word' id='word_1_105' title='bbox 302 1392 422 1458; x_wconf 89' lang='lat' dir='ltr'>templum</span> <span class='ocrx_word' id='word_1_106' title='bbox 434 1389 593 1457; x_wconf 84' lang='lat' dir='ltr'>appeliatum.</span> 
     </span>
    </p>

    <p class='ocr_par' dir='ltr' id='par_1_3' title="bbox 119 1459 868 1611">
     <span class='ocr_line' id='line_1_17' title="bbox 154 1459 868 1534; baseline -0.004 -18"><span class='ocrx_word' id='word_1_107' title='bbox 154 1471 213 1516; x_wconf 87' lang='lat' dir='ltr'>XV.</span> <span class='ocrx_word' id='word_1_108' title='bbox 233 1470 263 1516; x_wconf 84' lang='lat' dir='ltr'>C.</span> <span class='ocrx_word' id='word_1_109' title='bbox 276 1466 384 1534; x_wconf 73' lang='lat' dir='ltr'>stupieio</span> <span class='ocrx_word' id='word_1_110' title='bbox 395 1468 497 1530; x_wconf 82' lang='lat' dir='ltr'>Longo,</span> <span class='ocrx_word' id='word_1_111' title='bbox 512 1466 540 1514; x_wconf 78' lang='lat' dir='ltr'>P.</span> <span class='ocrx_word' id='word_1_112' title='bbox 554 1462 621 1513; x_wconf 84' lang='lat' dir='ltr'>AElio</span> <span class='ocrx_word' id='word_1_113' title='bbox 633 1461 700 1511; x_wconf 85' lang='lat' dir='ltr'>Paeto</span> <span class='ocrx_word' id='word_1_114' title='bbox 716 1459 868 1530; x_wconf 74' lang='lat' dir='ltr'>consulibua,</span> 
     </span>
     <span class='ocr_line' id='line_1_18' title="bbox 119 1540 867 1611; baseline -0.005 -17"><span class='ocrx_word' id='word_1_115' title='bbox 119 1557 198 1610; x_wconf 89' lang='lat' dir='ltr'>quum</span> <span class='ocrx_word' id='word_1_116' title='bbox 208 1546 293 1596; x_wconf 81' lang='lat' dir='ltr'>omnia</span> <span class='ocrx_word' id='word_1_117' title='bbox 309 1559 360 1597; x_wconf 92' lang='lat' dir='ltr'>non</span> <span class='ocrx_word' id='word_1_118' title='bbox 372 1559 430 1611; x_wconf 75' lang='lat' dir='ltr'>open</span> <span class='ocrx_word' id='word_1_119' title='bbox 445 1543 525 1607; x_wconf 80' lang='lat' dir='ltr'>magis</span> <span class='ocrx_word' id='word_1_120' title='bbox 544 1543 672 1602; x_wconf 70' lang='lat' dir='ltr'>Romane,</span> <span class='ocrx_word' id='word_1_121' title='bbox 690 1543 764 1604; x_wconf 68' lang='lat' dir='ltr'>quim</span> <span class='ocrx_word' id='word_1_122' title='bbox 774 1540 867 1590; x_wconf 81' lang='lat' dir='ltr'>benesi-</span> 
     </span>
    </p>
   </div>
   <div class='ocr_carea' id='block_1_3' title="bbox 120 1615 971 1689">
    <p class='ocr_par' dir='ltr' id='par_1_4' title="bbox 120 1615 971 1689">
     <span class='ocr_line' id='line_1_19' title="bbox 120 1615 971 1689; baseline -0.012 -16"><span class='ocrx_word' id='word_1_123' title='bbox 120 1624 165 1675; x_wconf 86' lang='lat' dir='ltr'>ciis</span> <span class='ocrx_word' id='word_1_124' title='bbox 180 1634 250 1689; x_wconf 80' lang='lat' dir='ltr'>parta</span> <span class='ocrx_word' id='word_1_125' title='bbox 266 1625 345 1688; x_wconf 79' lang='lat' dir='ltr'>gratia</span> <span class='ocrx_word' id='word_1_126' title='bbox 358 1623 425 1672; x_wconf 69' lang='lat' dir='ltr'>boni</span> <span class='ocrx_word' id='word_1_127' title='bbox 436 1635 497 1687; x_wconf 77' lang='lat' dir='ltr'>paee</span> <span class='ocrx_word' id='word_1_128' title='bbox 514 1620 647 1677; x_wconf 88' lang='lat' dir='ltr'>obtineret,</span> <span class='ocrx_word' id='word_1_129' title='bbox 672 1616 737 1664; x_wconf 87' lang='lat' dir='ltr'>inter</span> <span class='ocrx_word' id='word_1_130' title='bbox 748 1615 869 1667; x_wconf 76' lang='lat' dir='ltr'>Sidicinos</span> <span class='ocrx_word' id='word_1_131' title='bbox 969 1660 971 1663; x_wconf 83' lang='lat'>.</span> 
     </span>
    </p>
   </div>
   <div class='ocr_carea' id='block_1_4' title="bbox 119 1693 977 3065">
    <p class='ocr_par' dir='ltr' id='par_1_5' title="bbox 119 1693 977 3065">
     <span class='ocr_line' id='line_1_20' title="bbox 121 1693 869 1764; baseline -0.011 -13"><span class='ocrx_word' id='word_1_132' title='bbox 121 1698 301 1764; x_wconf 75' lang='lat' dir='ltr'>Auruncosque</span> <span class='ocrx_word' id='word_1_133' title='bbox 317 1698 408 1748; x_wconf 83' lang='lat' dir='ltr'>bellum</span> <span class='ocrx_word' id='word_1_134' title='bbox 426 1707 519 1746; x_wconf 84' lang='lat' dir='ltr'>ortum.</span> <span class='ocrx_word' id='word_1_135' title='bbox 554 1693 674 1753; x_wconf 84' lang='lat' dir='ltr'>Aurunci,</span> <span class='ocrx_word' id='word_1_136' title='bbox 691 1696 706 1740; x_wconf 74' lang='lat' dir='ltr'>a</span> <span class='ocrx_word' id='word_1_137' title='bbox 721 1695 756 1740; x_wconf 91' lang='grc' dir='ltr'>Τ.</span> <span class='ocrx_word' id='word_1_138' title='bbox 769 1694 869 1746; x_wconf 84' lang='lat' dir='ltr'>Manlio</span> 
     </span>
     <span class='ocr_line' id='line_1_21' title="bbox 119 1766 868 1838; baseline -0.013 -10"><span class='ocrx_word' id='word_1_139' title='bbox 119 1774 219 1829; x_wconf 84' lang='lat' dir='ltr'>consule</span> <span class='ocrx_word' id='word_1_140' title='bbox 229 1776 256 1825; x_wconf 85' lang='lat' dir='ltr'>in</span> <span class='ocrx_word' id='word_1_141' title='bbox 264 1774 414 1827; x_wconf 87' lang='lat' dir='ltr'>deditionem</span> <span class='ocrx_word' id='word_1_142' title='bbox 425 1773 529 1838; x_wconf 87' lang='lat' dir='ltr'>accepti,</span> <span class='ocrx_word' id='word_1_143' title='bbox 546 1770 607 1819; x_wconf 83' lang='lat' dir='ltr'>nihil</span> <span class='ocrx_word' id='word_1_144' title='bbox 620 1766 708 1819; x_wconf 85' lang='lat' dir='ltr'>deinde</span> <span class='ocrx_word' id='word_1_145' title='bbox 718 1780 868 1820; x_wconf 79' lang='lat' dir='ltr'>moverant:</span> 
     </span>
     <span class='ocr_line' id='line_1_22' title="bbox 120 1844 869 1919; baseline -0.004 -17"><span class='ocrx_word' id='word_1_146' title='bbox 120 1868 153 1917; x_wconf 74' lang='lat' dir='ltr'>eo</span> <span class='ocrx_word' id='word_1_147' title='bbox 164 1851 262 1919; x_wconf 85' lang='lat' dir='ltr'>petendi</span> <span class='ocrx_word' id='word_1_148' title='bbox 273 1851 360 1902; x_wconf 77' lang='lat' dir='ltr'>auxilii</span> <span class='ocrx_word' id='word_1_149' title='bbox 372 1850 404 1900; x_wconf 74' lang='lat' dir='ltr'>ab</span> <span class='ocrx_word' id='word_1_150' title='bbox 416 1849 536 1901; x_wconf 70' lang='lat' dir='ltr'>Romanis</span> <span class='ocrx_word' id='word_1_151' title='bbox 549 1846 621 1898; x_wconf 80' lang='lat' dir='ltr'>causa</span> <span class='ocrx_word' id='word_1_152' title='bbox 630 1844 717 1909; x_wconf 74' lang='lat' dir='ltr'>justior</span> <span class='ocrx_word' id='word_1_153' title='bbox 730 1845 788 1896; x_wconf 81' lang='lat' dir='ltr'>suit.</span> <span class='ocrx_word' id='word_1_154' title='bbox 822 1845 869 1899; x_wconf 81' lang='lat' dir='ltr'>sed</span> 
     </span>
     <span class='ocr_line' id='line_1_23' title="bbox 121 1922 870 1996; baseline 0.001 -19"><span class='ocrx_word' id='word_1_155' title='bbox 121 1930 198 1996; x_wconf 77' lang='lat' dir='ltr'>prius,</span> <span class='ocrx_word' id='word_1_156' title='bbox 214 1933 289 1993; x_wconf 70' lang='lat' dir='ltr'>quam</span> <span class='ocrx_word' id='word_1_157' title='bbox 304 1925 416 1978; x_wconf 74' lang='lat' dir='ltr'>consuler</span> <span class='ocrx_word' id='word_1_158' title='bbox 431 1926 464 1976; x_wconf 85' lang='lat' dir='ltr'>ab</span> <span class='ocrx_word' id='word_1_159' title='bbox 482 1925 544 1976; x_wconf 84' lang='lat' dir='ltr'>urbe</span> <span class='ocrx_word' id='word_1_160' title='bbox 560 1922 669 1989; x_wconf 79' lang='lat' dir='ltr'>(jusserat</span> <span class='ocrx_word' id='word_1_161' title='bbox 685 1925 752 1974; x_wconf 83' lang='lat' dir='ltr'>enim</span> <span class='ocrx_word' id='word_1_162' title='bbox 771 1923 870 1978; x_wconf 70' lang='lat' dir='ltr'>senatus</span> 
     </span>
     <span class='ocr_line' id='line_1_24' title="bbox 121 2000 869 2069; baseline -0.001 -15"><span class='ocrx_word' id='word_1_163' title='bbox 121 2003 220 2054; x_wconf 81' lang='lat' dir='ltr'>defendi</span> <span class='ocrx_word' id='word_1_164' title='bbox 240 2007 380 2069; x_wconf 75' lang='lat' dir='ltr'>Auruncos)</span> <span class='ocrx_word' id='word_1_165' title='bbox 397 2002 535 2052; x_wconf 84' lang='lat' dir='ltr'>exercitum</span> <span class='ocrx_word' id='word_1_166' title='bbox 554 2000 693 2066; x_wconf 85' lang='lat' dir='ltr'>educerent,</span> <span class='ocrx_word' id='word_1_167' title='bbox 710 2000 777 2052; x_wconf 75' lang='lat' dir='ltr'>sumt</span> <span class='ocrx_word' id='word_1_168' title='bbox 796 2002 869 2053; x_wconf 78' lang='lat' dir='ltr'>affer·</span> 
     </span>
     <span class='ocr_line' id='line_1_25' title="bbox 123 2074 870 2146; baseline -0.001 -16"><span class='ocrx_word' id='word_1_169' title='bbox 123 2090 181 2142; x_wconf 83' lang='lat' dir='ltr'>tur;</span> <span class='ocrx_word' id='word_1_170' title='bbox 198 2084 329 2131; x_wconf 76' lang='lat' dir='ltr'>Auruncos</span> <span class='ocrx_word' id='word_1_171' title='bbox 338 2088 407 2128; x_wconf 90' lang='lat' dir='ltr'>metu</span> <span class='ocrx_word' id='word_1_172' title='bbox 418 2077 539 2144; x_wconf 89' lang='lat' dir='ltr'>oppidum</span> <span class='ocrx_word' id='word_1_173' title='bbox 548 2074 682 2142; x_wconf 80' lang='lat' dir='ltr'>deseruisse,</span> <span class='ocrx_word' id='word_1_174' title='bbox 699 2077 870 2146; x_wconf 80' lang='lat' dir='ltr'>profugosque</span> 
     </span>
     <span class='ocr_line' id='line_1_26' title="bbox 122 2153 870 2221; baseline -0.003 -13"><span class='ocrx_word' id='word_1_175' title='bbox 122 2173 181 2208; x_wconf 84' lang='lat' dir='ltr'>curn</span> <span class='ocrx_word' id='word_1_176' title='bbox 197 2157 345 2221; x_wconf 77' lang='lat' dir='ltr'>conjugibus</span> <span class='ocrx_word' id='word_1_177' title='bbox 360 2173 389 2213; x_wconf 78' lang='lat' dir='ltr'>ac</span> <span class='ocrx_word' id='word_1_178' title='bbox 406 2156 489 2205; x_wconf 76' lang='lat' dir='ltr'>liberie</span> <span class='ocrx_word' id='word_1_179' title='bbox 505 2153 612 2206; x_wconf 76' lang='lat' dir='ltr'>suessam</span> <span class='ocrx_word' id='word_1_180' title='bbox 630 2153 798 2218; x_wconf 81' lang='lat' dir='ltr'>communisse,</span> <span class='ocrx_word' id='word_1_181' title='bbox 814 2170 870 2221; x_wconf 78' lang='lat' dir='ltr'>quae</span> 
     </span>
     <span class='ocr_line' id='line_1_27' title="bbox 122 2233 870 2300; baseline -0.007 -15"><span class='ocrx_word' id='word_1_182' title='bbox 122 2251 188 2287; x_wconf 87' lang='lat' dir='ltr'>nunc</span> <span class='ocrx_word' id='word_1_183' title='bbox 207 2237 323 2284; x_wconf 83' lang='lat' dir='ltr'>Aurunca</span> <span class='ocrx_word' id='word_1_184' title='bbox 340 2233 585 2300; x_wconf 57' lang='lat' dir='ltr'>appellaturum</span> <span class='ocrx_word' id='word_1_185' title='bbox 602 2233 704 2298; x_wconf 82' lang='lat' dir='ltr'>antiqua</span> <span class='ocrx_word' id='word_1_186' title='bbox 720 2247 807 2282; x_wconf 81' lang='lat' dir='ltr'>comm</span> <span class='ocrx_word' id='word_1_187' title='bbox 826 2246 870 2280; x_wconf 90' lang='lat' dir='ltr'>ur·</span> 
     </span>
     <span class='ocr_line' id='line_1_28' title="bbox 121 2305 869 2375; baseline -0.009 -12"><span class='ocrx_word' id='word_1_188' title='bbox 121 2312 228 2375; x_wconf 85' lang='lat' dir='ltr'>bemque</span> <span class='ocrx_word' id='word_1_189' title='bbox 238 2310 272 2360; x_wconf 85' lang='lat' dir='ltr'>ab</span> <span class='ocrx_word' id='word_1_190' title='bbox 282 2309 393 2360; x_wconf 79' lang='lat' dir='ltr'>sidicinis</span> <span class='ocrx_word' id='word_1_191' title='bbox 404 2309 521 2359; x_wconf 79' lang='lat' dir='ltr'>deletam.</span> <span class='ocrx_word' id='word_1_192' title='bbox 554 2309 594 2358; x_wconf 89' lang='lat' dir='ltr'>Ob</span> <span class='ocrx_word' id='word_1_193' title='bbox 605 2323 634 2357; x_wconf 84' lang='lat' dir='ltr'>ea</span> <span class='ocrx_word' id='word_1_194' title='bbox 645 2305 752 2357; x_wconf 76' lang='lat' dir='ltr'>infensus</span> <span class='ocrx_word' id='word_1_195' title='bbox 760 2306 869 2358; x_wconf 87' lang='lat' dir='ltr'>consuli·</span> 
     </span>
     <span class='ocr_line' id='line_1_29' title="bbox 122 2381 872 2450; baseline -0.004 -15"><span class='ocrx_word' id='word_1_196' title='bbox 122 2387 169 2444; x_wconf 75' lang='lat' dir='ltr'>bus</span> <span class='ocrx_word' id='word_1_197' title='bbox 186 2385 290 2450; x_wconf 78' lang='lat' dir='ltr'>senatus,</span> <span class='ocrx_word' id='word_1_198' title='bbox 305 2401 412 2450; x_wconf 85' lang='lat' dir='ltr'>quorum</span> <span class='ocrx_word' id='word_1_199' title='bbox 426 2385 582 2435; x_wconf 70' lang='lat' dir='ltr'>cunctatione</span> <span class='ocrx_word' id='word_1_200' title='bbox 599 2382 691 2448; x_wconf 88' lang='lat' dir='ltr'>proditi</span> <span class='ocrx_word' id='word_1_201' title='bbox 706 2383 766 2433; x_wconf 88' lang='lat' dir='ltr'>socii</span> <span class='ocrx_word' id='word_1_202' title='bbox 784 2381 872 2448; x_wconf 82' lang='lat' dir='ltr'>essent,</span> 
     </span>
     <span class='ocr_line' id='line_1_30' title="bbox 122 2457 870 2528; baseline -0.007 -17"><span class='ocrx_word' id='word_1_203' title='bbox 122 2460 267 2528; x_wconf 70' lang='lat' dir='ltr'>disintorem</span> <span class='ocrx_word' id='word_1_204' title='bbox 284 2460 333 2511; x_wconf 87' lang='lat' dir='ltr'>diei</span> <span class='ocrx_word' id='word_1_205' title='bbox 347 2460 422 2522; x_wconf 78' lang='lat' dir='ltr'>justit.</span> <span class='ocrx_word' id='word_1_206' title='bbox 440 2459 517 2510; x_wconf 71' lang='lat' dir='ltr'>didm</span> <span class='ocrx_word' id='word_1_207' title='bbox 536 2460 567 2508; x_wconf 82' lang='lat' dir='ltr'>C·</span> <span class='ocrx_word' id='word_1_208' title='bbox 585 2458 701 2521; x_wconf 72' lang='lat' dir='ltr'>Claudius</span> <span class='ocrx_word' id='word_1_209' title='bbox 718 2457 870 2523; x_wconf 77' lang='lat' dir='ltr'>Regillenfis,</span> 
     </span>
     <span class='ocr_line' id='line_1_31' title="bbox 123 2530 870 2604; baseline -0.003 -20"><span class='ocrx_word' id='word_1_210' title='bbox 123 2535 266 2599; x_wconf 72' lang='lat' dir='ltr'>magistrum</span> <span class='ocrx_word' id='word_1_211' title='bbox 284 2535 393 2604; x_wconf 84' lang='lat' dir='ltr'>equitum</span> <span class='ocrx_word' id='word_1_212' title='bbox 415 2539 447 2582; x_wconf 86' lang='lat' dir='ltr'>C.</span> <span class='ocrx_word' id='word_1_213' title='bbox 465 2530 597 2582; x_wconf 83' lang='lat' dir='ltr'>Claudium</span> <span class='ocrx_word' id='word_1_214' title='bbox 614 2535 775 2582; x_wconf 83' lang='lat' dir='ltr'>Hortatorem</span> <span class='ocrx_word' id='word_1_215' title='bbox 793 2532 870 2583; x_wconf 85' lang='lat' dir='ltr'>dixit.</span> 
     </span>
     <span class='ocr_line' id='line_1_32' title="bbox 124 2608 872 2677; baseline 0 -15"><span class='ocrx_word' id='word_1_216' title='bbox 124 2615 223 2677; x_wconf 72' lang='lat' dir='ltr'>Religio</span> <span class='ocrx_word' id='word_1_217' title='bbox 240 2611 297 2662; x_wconf 91' lang='lat' dir='ltr'>inde</span> <span class='ocrx_word' id='word_1_218' title='bbox 315 2611 404 2675; x_wconf 82' lang='lat' dir='ltr'>injesia</span> <span class='ocrx_word' id='word_1_219' title='bbox 421 2611 450 2660; x_wconf 89' lang='lat' dir='ltr'>de</span> <span class='ocrx_word' id='word_1_220' title='bbox 469 2608 601 2658; x_wconf 76' lang='lat' dir='ltr'>disiatore:</span> <span class='ocrx_word' id='word_1_221' title='bbox 619 2608 654 2673; x_wconf 73' lang='lat' dir='ltr'>dc,</span> <span class='ocrx_word' id='word_1_222' title='bbox 671 2624 747 2677; x_wconf 86' lang='lat' dir='ltr'>quum</span> <span class='ocrx_word' id='word_1_223' title='bbox 764 2623 872 2676; x_wconf 72' lang='lat' dir='ltr'>auguret</span> 
     </span>
     <span class='ocr_line' id='line_1_33' title="bbox 124 2683 872 2753; baseline -0.007 -12"><span class='ocrx_word' id='word_1_224' title='bbox 124 2691 190 2753; x_wconf 62' lang='lat' dir='ltr'>nitio</span> <span class='ocrx_word' id='word_1_225' title='bbox 202 2698 310 2740; x_wconf 84' lang='lat' dir='ltr'>creatum</span> <span class='ocrx_word' id='word_1_226' title='bbox 323 2687 403 2738; x_wconf 85' lang='lat' dir='ltr'>videri</span> <span class='ocrx_word' id='word_1_227' title='bbox 419 2683 539 2748; x_wconf 85' lang='lat' dir='ltr'>dixissent,</span> <span class='ocrx_word' id='word_1_228' title='bbox 556 2683 661 2737; x_wconf 66' lang='lat' dir='ltr'>distator</span> <span class='ocrx_word' id='word_1_229' title='bbox 672 2686 833 2753; x_wconf 80' lang='lat' dir='ltr'>magisterque</span> <span class='ocrx_word' id='word_1_230' title='bbox 844 2701 872 2736; x_wconf 89' lang='lat' dir='ltr'>e·</span> 
     </span>
     <span class='ocr_line' id='line_1_34' title="bbox 126 2761 872 2833; baseline -0.004 -18"><span class='ocrx_word' id='word_1_231' title='bbox 126 2767 224 2833; x_wconf 88' lang='lat' dir='ltr'>quitum</span> <span class='ocrx_word' id='word_1_232' title='bbox 238 2764 415 2826; x_wconf 80' lang='lat' dir='ltr'>sernagistratu</span> <span class='ocrx_word' id='word_1_233' title='bbox 431 2761 585 2812; x_wconf 75' lang='lat' dir='ltr'>abdicirtmt.</span> <span class='ocrx_word' id='word_1_234' title='bbox 617 2765 656 2814; x_wconf 84' lang='lat' dir='ltr'>Eo</span> <span class='ocrx_word' id='word_1_235' title='bbox 673 2778 740 2813; x_wconf 83' lang='lat' dir='ltr'>anno</span> <span class='ocrx_word' id='word_1_236' title='bbox 756 2763 872 2814; x_wconf 79' lang='lat' dir='ltr'>Minucia</span> 
     </span>
     <span class='ocr_line' id='line_1_35' title="bbox 127 2838 872 2906; baseline -0.003 -15"><span class='ocrx_word' id='word_1_237' title='bbox 127 2841 238 2903; x_wconf 81' lang='lat' dir='ltr'>vestalis,</span> <span class='ocrx_word' id='word_1_238' title='bbox 253 2838 362 2906; x_wconf 71' lang='lat' dir='ltr'>suspeda</span> <span class='ocrx_word' id='word_1_239' title='bbox 373 2840 452 2906; x_wconf 79' lang='lat' dir='ltr'>primo</span> <span class='ocrx_word' id='word_1_240' title='bbox 466 2849 569 2905; x_wconf 88' lang='lat' dir='ltr'>propter</span> <span class='ocrx_word' id='word_1_241' title='bbox 579 2840 735 2890; x_wconf 83' lang='lat' dir='ltr'>mundiorem</span> <span class='ocrx_word' id='word_1_242' title='bbox 743 2840 808 2904; x_wconf 83' lang='lat' dir='ltr'>justo</span> <span class='ocrx_word' id='word_1_243' title='bbox 820 2838 872 2889; x_wconf 84' lang='lat' dir='ltr'>cul·</span> 
     </span>
     <span class='ocr_line' id='line_1_36' title="bbox 127 2912 873 2986; baseline -0.011 -22"><span class='ocrx_word' id='word_1_244' title='bbox 127 2929 189 2986; x_wconf 65' lang='lat' dir='ltr'>tum,</span> <span class='ocrx_word' id='word_1_245' title='bbox 206 2915 341 2965; x_wconf 76' lang='lat' dir='ltr'>insimulata</span> <span class='ocrx_word' id='word_1_246' title='bbox 352 2913 440 2963; x_wconf 89' lang='lat' dir='ltr'>deinde</span> <span class='ocrx_word' id='word_1_247' title='bbox 458 2912 525 2981; x_wconf 81' lang='lat' dir='ltr'>apud</span> <span class='ocrx_word' id='word_1_248' title='bbox 536 2915 665 2981; x_wconf 80' lang='lat' dir='ltr'>pontifices</span> <span class='ocrx_word' id='word_1_249' title='bbox 682 2916 714 2965; x_wconf 82' lang='lat' dir='ltr'>ab</span> <span class='ocrx_word' id='word_1_250' title='bbox 731 2916 811 2965; x_wconf 86' lang='lat' dir='ltr'>indice</span> <span class='ocrx_word' id='word_1_251' title='bbox 823 2915 873 2966; x_wconf 88' lang='lat' dir='ltr'>ser.</span> 
     </span>
     <span class='ocr_line' id='line_1_37' title="bbox 127 2989 977 3065; baseline -0.001 -19"><span class='ocrx_word' id='word_1_252' title='bbox 127 3009 181 3060; x_wconf 67' lang='lat' dir='ltr'>vo,</span> <span class='ocrx_word' id='word_1_253' title='bbox 197 3006 275 3063; x_wconf 85' lang='lat' dir='ltr'>quum</span> <span class='ocrx_word' id='word_1_254' title='bbox 291 2991 393 3045; x_wconf 87' lang='lat' dir='ltr'>decreto</span> <span class='ocrx_word' id='word_1_255' title='bbox 410 3005 495 3043; x_wconf 89' lang='lat' dir='ltr'>eorum</span> <span class='ocrx_word' id='word_1_256' title='bbox 509 2989 572 3055; x_wconf 74' lang='lat' dir='ltr'>jussa</span> <span class='ocrx_word' id='word_1_257' title='bbox 587 2991 645 3046; x_wconf 74' lang='lat' dir='ltr'>esset</span> <span class='ocrx_word' id='word_1_258' title='bbox 660 2993 733 3047; x_wconf 77' lang='lat' dir='ltr'>[actia</span> <span class='ocrx_word' id='word_1_259' title='bbox 744 2992 873 3065; x_wconf 75' lang='lat' dir='ltr'>abstinere,</span> <span class='ocrx_word' id='word_1_260' title='bbox 975 3035 977 3045; x_wconf 77' lang='grc'>,</span> 
     </span>
    </p>
   </div>
   <div class='ocr_carea' id='block_1_5' title="bbox 0 0 1001 3660">
    <p class='ocr_par' dir='ltr' id='par_1_6' title="bbox 0 0 1001 3660">
     <span class='ocr_line' id='line_1_38' title="bbox 0 0 1001 3660; baseline 0 0"><span class='ocrx_word' id='word_1_261' title='bbox 0 0 1001 3660; x_wconf 95' lang='lat' dir='ltr'> </span> 
     </span>
    </p>
   </div>
  </div>
 </body>
</html>
