1964 3660
344 197 580 250 utuunv.
785 210 835 261 30³

92 287 220 356 Vejentee,
237 289 316 355 ignari
328 287 412 353 sejam
423 288 455 338 ab
467 286 514 339 suis
526 287 634 352 vatibus,
649 287 704 359 jam
714 288 747 340 ali
758 299 844 341 exter·

93 368 132 418 nir
143 369 248 420 oraculis
259 365 379 437 preditos,
395 366 448 431 jam
460 367 486 416 in
498 376 593 434 partem
605 365 692 434 praedae
705 366 753 418 suae
764 380 843 419 voeaz

94 456 133 496 tos
146 448 220 512 Deos,
236 447 306 511 alios,
323 446 390 495 votis
409 458 443 495 ex
459 443 520 494 urbe
538 442 580 494 sua
591 455 721 510 evocatos,
736 446 844 498 hostium

93 523 186 592 templa
196 522 325 590 novasque
340 521 407 573 seder
423 520 538 590 spectare,
556 520 629 587 seque
646 523 762 573 ultimum
773 522 845 575 illum

93 598 160 651 diem
171 617 243 667 agere
251 620 259 665 ;
276 600 338 653 nihil
356 601 437 650 minue
455 599 576 665 timentes,
593 605 667 667 quam
682 601 787 652 subrutis
799 614 843 652 cu·

93 679 178 729 niculo
194 681 314 731 munibus
329 695 412 753 arcem
429 677 482 742 jam
499 678 597 745 plenam
615 678 721 730 hostium
743 677 804 745 elle,
815 680 845 731 in

95 765 179 806 muros
187 773 233 825 pto
243 757 266 809 se
274 756 377 824 quisque
385 754 478 821 armati
486 753 638 817 discurrunt;
647 757 763 808 mirantes
772 757 847 824 quid·

94 847 152 883 nam
164 833 189 883 id
200 832 265 899 ell'et,
283 835 358 902 quud,
375 848 454 900 quum
468 841 507 882 tot
517 847 562 900 per
572 831 621 882 dies
633 833 707 884 nemo
718 832 743 883 se
753 834 786 884 ab
797 835 846 884 lla·

95 911 207 962 tionibus
216 912 342 964 ’Romanis
353 908 480 975 moriffet,
495 919 557 974 tum,
574 909 645 980 velut
663 908 791 979 repentino
802 911 846 964 tui

95 987 188 1054 surore,
201 988 337 1058 improvidi
352 997 479 1041 currerent
486 986 517 1037 ad
528 1001 622 1038 muros.
657 987 776 1038 Inseritur
787 988 847 1039 huic

94 1066 153 1116 loco
170 1067 269 1118 sabula:
286 1067 431 1118 immolante
447 1080 504 1131 rege
515 1064 669 1129 Vejentium,
686 1079 776 1115 vocem
787 1079 845 1116 aru·

95 1140 168 1209 spicis
178 1142 288 1209 dicentis,
304 1144 340 1211 qui
352 1144 397 1208 ejus
408 1143 475 1208 hostie
485 1151 534 1194 exta
540 1140 681 1210 prosecuiffet,
697 1144 718 1192 ei
728 1142 847 1194 vidulam

95 1216 152 1281 dari,
178 1218 322 1269 exauditam
341 1219 367 1272 in
384 1218 508 1282 cuniculo,
524 1219 630 1269 muvill‘e
640 1220 768 1269 Romanor
778 1218 846 1270 mili·

95 1304 139 1360 tes,
156 1306 193 1360 ut,
210 1295 328 1365 adaperto
338 1296 461 1359 cuniculo,
474 1305 533 1345 exta
543 1306 665 1364 raperent,
683 1294 709 1347 &
726 1296 756 1346 ad
768 1296 845 1348 diua-

10 1407 12 1411 ·
96 1372 289 1424 ¹toremsertent.
323 1374 405 1425 Sedin
420 1374 492 1424 rebus
507 1374 685 1440 tamantiquis,
702 1373 728 1438 fi,
745 1389 800 1441 quae
814 1374 848 1428 fi-

96 1451 165 1502 milia
183 1452 310 1516 venisent,
330 1468 376 1521 pro
391 1453 456 1502 vetis
473 1452 634 1521 accipiantur,
652 1449 708 1502 satis
729 1452 845 1508 habeam.

32 1520 37 1532 ⁹
94 1528 164 1592 Haec,
182 1528 214 1579 ad
223 1528 413 1589 ‚ostentationem
427 1527 511 1592 scena,
528 1528 657 1593 gaudentis
668 1529 801 1593 miraculis,
817 1544 847 1578 a·

69 1608 72 1612 ’
95 1605 187 1682 ptiora,
198 1611 273 1672 quim
284 1606 315 1656 ad
327 1598 409 1671 fidem,
418 1620 497 1671 neque
511 1605 639 1668 affirmare,
657 1620 736 1672 neque
750 1605 846 1656 refelle·

96 1699 123 1734 re
134 1683 167 1732 est
179 1699 261 1750 operae
272 1685 389 1750 pretitun.
413 1681 558 1747 cuniculus,
574 1681 671 1732 delestis
682 1684 803 1735 militibus
813 1698 849 1736 eo

96 1769 210 1826 tempore
222 1761 320 1826 plenus„
333 1761 360 1810 in
371 1757 421 1810 aede
433 1759 547 1825 Junonis,
556 1775 610 1825 quae
621 1759 648 1809 in
659 1759 796 1823 Vejentana
804 1777 845 1813 ar·

97 1850 126 1886 ee
137 1846 197 1899 erat,
208 1847 315 1885 armatos
326 1838 425 1904 repente
435 1834 521 1896 edidit.
538 1834 565 1885 de
576 1849 631 1902 pars
642 1835 742 1887 aversor
757 1839 782 1888 in
790 1851 846 1888 mu·

96 1913 131 1964 rir
139 1912 262 1963 invadunt
272 1913 367 1962 hostes:
385 1927 440 1980 patr
452 1911 554 1962 claustra
567 1921 696 1981 portarum
707 1915 848 1966 revellunt=

97 2003 162 2058 pars,
179 2006 256 2056 quum
267 2005 300 2041 ex
317 1989 386 2041 tedis
402 1990 462 2040 saxa
479 1988 642 2056 tegulaequea
659 1991 803 2042 mulieribus
817 2007 849 2053 ae

98 2066 205 2119 servitiis
213 2067 362 2132 jacerentur,
379 2066 488 2117 inserunt
498 2066 575 2132 ignes.
595 2065 697 2117 Clamor
707 2069 792 2119 omnia
804 2083 850 2120 va·

96 2145 140 2196 riis
149 2145 294 2195 terrentium
305 2161 334 2196 ac
345 2144 491 2212 paventium
501 2142 614 2207 vocibus,
620 2141 703 2193 mixto
715 2144 849 2196 mulierum

13 2275 25 2292 ,
97 2237 128 2274 ac
148 2238 282 2290 puerorum
299 2224 405 2291 ploratu,
424 2220 542 2290 complet.
577 2222 710 2272 Memento
720 2221 852 2292 ¹temporie

95 2298 196 2364 dejedis
208 2316 241 2354 ex
259 2307 333 2353 muro
349 2300 459 2368 undique
477 2300 584 2367 armatis,
602 2298 776 2368 pateladisque
788 2315 849 2369 pnr-

98 2378 138 2441 tie,
155 2391 232 2445 quum
247 2379 290 2433 afli
305 2381 406 2446 agmine
422 2379 551 2443 irruerent,
568 2376 610 2428 alii
624 2376 732 2429 desertos
750 2376 849 2433 scande·

97 2463 154 2505 rent
164 2470 259 2518 muros,
275 2457 333 2506 urbe
344 2457 454 2512 hostibus
464 2454 589 2522 impletur,
606 2454 722 2507 omnibus
732 2453 793 2511 loeis
804 2468 852 2524 pu·

99 2520 199 2594 gnatui.
217 2530 323 2597 Deinde,
333 2533 411 2582 multa
418 2534 471 2596 jam
481 2531 547 2595 edita
558 2530 631 2596 cede,
640 2530 742 2593 senescit
751 2544 850 2600 pugna:

99 2606 126 2659 δι
140 2607 245 2657 didator
255 2623 380 2675 praeconee
389 2608 485 2667 edicere
493 2606 574 2672 jubet,
590 2617 620 2660 ut
631 2607 662 2659 ab
673 2610 762 2668 inermi
775 2608 851 2661 abui·

99 2695 195 2736 nentur.
213 2686 234 2734 is
249 2684 303 2737 finis
314 2684 437 2751 sanguinis
448 2685 505 2736 fuit.
539 2683 605 2736 Dedi
616 2685 674 2737 inde
684 2686 789 2737 inermes
800 2699 852 2737 cte·

100 2763 153 2831 pti:
171 2762 197 2813 de
213 2761 364 2831 adpraedam
373 2764 443 2814 milet
454 2761 707 2833 permissudistatoris
723 2763 851 2819 discurrit·

43 2850 45 2855 ·
99 2856 155 2907 quae
166 2854 243 2907 quum
253 2852 311 2892 ante
321 2840 410 2894 oculor
427 2841 480 2907 ejus
491 2841 645 2908 aliquantum
656 2841 698 2909 spe
708 2852 782 2910 atquc
794 2842 854 2913 opi·

99 2918 176 2969 nione
184 2917 274 2983 major,
290 2919 443 2987 majorisque
454 2919 529 2987 pretii
539 2932 622 2968 rerum
633 2917 745 2987 serretur,
762 2919 853 2975 dicitur

98 3008 188 3062 manus
199 2993 231 3050 ad
248 2994 336 3050 culum
347 2996 435 3053 tollens
451 3005 566 3071 precatur
575 2994 630 3064 rue,
645 3004 679 3063 ut,
690 2995 714 3066 ri
721 2999 755 3052 cui
765 2999 853 3121 dms
