1964 3660
150 192 225 256 ra·
407 174 637 245 narvrr'

145 292 153 305 ·
186 283 311 332 XXXVI.
329 283 408 350 Hujus
423 285 518 348 generis
529 285 662 347 orationes,
680 279 843 334 eum'assensu
854 296 899 333 au·

148 360 217 430 tiitae,
229 360 363 409 incitavere
375 359 493 426 quosdam
504 360 534 409 ad
547 359 678 426 petendum
690 359 842 408 tribunatum
850 360 898 408 m'r·

151 434 232 496 litum,
249 434 325 485 alium
342 436 389 484 alia
405 435 436 485 de
455 435 591 485 commodis
608 434 686 502 pleb'is
703 436 811 484 laturum
828 433 852 483 se
872 435 899 482 in
958 447 963 452 “

146 511 294 574 magistratu
304 513 472 579 profitentem.
508 514 569 576 Agri
586 514 678 580 publici
690 511 817 580 dividendi
830 510 899 560 colo-

151 588 298 655 niarumque
315 590 513 641 deducendarum
524 592 647 640 ostentatae
659 591 721 658 spes,
739 591 772 655 lle,
783 587 899 652 veuigali

145 663 322 731 possessoribus
334 685 450 734 agrorum
461 667 584 735 imposito,
600 669 628 718 i'n
637 666 781 734 stipendium
793 667 899 716 militum

84 750 87 754 ’
151 743 271 806 erogandi
288 746 349 794 aeris.
385 749 518 813 captatum
535 743 622 794 deinde
637 754 733 811 tempus
750 743 782 792 ab
794 741 899 792 tribunis

134 809 268 887 “milimm,
286 837 337 887 quo
348 838 392 889 per
407 821 534 872 discessum
549 821 678 871 hominurn
689 820 721 870 ab
736 821 804 885 urbe,
821 833 899 885 quum

152 893 236 945 Patres
246 897 392 948 clandestini
403 896 592 948 denunciatione
603 897 714 946 revocati
725 896 757 946 ad
768 895 833 944 diem
846 909 898 944 cera

147 973 205 1021 sam
225 971 307 1040 essent,
325 973 559 1025 senatusconsultum
575 973 652 1038 fieret,
668 973 808 1023 absentibus
819 972 897 1022 tribu-

148 1047 286 1115 ·nis‘plebi:
302 1063 339 1115 ut,
357 1054 475 1119 quoniam
488 1050 590 1100 Volscos
607 1054 633 1100 in
645 1052 808 1102 Hernicorum
826 1063 900 1114 agros

151 1125 289 1190 praedatum
300 1120 383 1178 exisse
391 1128 457 1177 fama
468 1128 533 1189 essct,
551 1127 583 1176 ad
598 1143 650 1176 rem
665 1127 841 1194 inspiciendam
853 1126 898 1174 tri·

147 1199 213 1248 burri
230 1203 337 1253 militum
357 1204 576 1270 proficiscerentur,
595 1203 779 1269 consulariaque
797 1201 899 1266 comitia

153 1271 309 1327 haberentur.
344 1279 451 1329 Profelli
464 1283 511 1345 Ap.
527 1277 665 1342 Claudiurn,
683 1279 762 1327 filium
773 1278 898 1327 decemvi-

145 1350 183 1414 ri,
201 1354 340 1419 praefectum
351 1357 418 1406 urbi's
431 1356 580 1420 relinquunt,
592 1355 860 1422 impigrumjurenem,
873 1356 900 1407 sle

150 1425 206 1489 jam
220 1429 277 1479 inde
293 1432 325 1481 ab
344 1432 497 1481 incunabulis
516 1430 639 1480 imbutum
662 1426 728 1481 odio'
741 1427 900 1484 tribunorum

146 1505 286 1572 plebisque.
311 1503 416 1559 tribunis
431 1508 496 1576 plebi
514 1522 558 1557 nec
571 1522 627 1557 cum
640 1507 779 1556 absentibus
799 1508 836 1571 iis,
854 1512 899 1574 qui

113 1604 116 1608 >
149 1580 387 1634 senatusconsultum
401 1583 517 1646 fecerant,
534 1597 581 1632 nec
599 1597 659 1631 cum
671 1582 763 1649 Appio,
780 1581 900 1638 transaiia

71 1701 75 1704 .
152 1668 187 1724 se,
205 1660 273 1726 quod
283 1661 468 1725 contenderent,
485 1659 543 1710 suit.

186 1740 325 1788 XXXVII.
345 1739 427 1788 creati
441 1737 551 1788 consules
569 1737 625 1787 sunt
645 1739 674 1786 C.
693 1736 849 1804 Sempronius
862 1740 900 1788 A·

152 1816 265 1879 statinus,
291 1819 324 1881 Q.
345 1816 601 1883 Fabiusvibulanus.
636 1816 766 1880 Peregrina
785 1830 830 1878 res,
856 1813 900 1865 sed

151 1894 272 1945 memorii
291 1893 373 1960 digna,
391 1897 496 1946 traditur
512 1894 625 1945 eo'anno
642 1893 719 1944 satta:
738 1894 899 1957 Vulturnum,

152 1971 313 2023 Etruscorum
324 1974 418 2040 urbem,
436 1989 491 2040 quae
502 1988 567 2023 nune
586 1977 672 2039 Capua
683 1971 725 2036 esi,
742 1972 773 2021 ab
785 1972 898 2021 Samniti·

150 2047 198 2099 bus
210 2062 320 2118 captam;
339 2058 497 2120 Capuamque
510 2052 542 2102 ab
560 2050 622 2099 duce
639 2067 726 2100 eorum
746 2051 900 2117 Capye,'vel

152 2129 229 2193 (quod
241 2131 342 2196 propius
359 2146 421 2180 vcro
435 2132 477 2192 esi)
493 2135 508 2178 a
523 2129 650 2193 campestri
668 2143 730 2190 agro
741 2126 898 2194 appellatam.

154 2194 248 2270 cepere
260 2217 351 2269 autern,
368 2207 435 2272 prius
444 2205 515 2254 bello
532 2204 640 2266 fatigatis
652 2203 766 2266 Etruscis,
783 2206 808 2253 in
821 2205 910 2254 socie-2

151 2284 230 2329 latens
240 2282 309 2331 urbis
318 2297 483 2347 agrorumque
493 2281 587 2345 accepti
598 2298 604 2327 :
621 2279 709 2328 deinde
720 2279 781 2329 sesso
791 2280 831 2329 die
842 2296 899 2344 gra·

152 2375 198 2409 ves
209 2358 296 2408 somno
315 2359 440 2426 epulisque
457 2356 548 2406 incolas
567 2367 664 2405 veteres
677 2357 739 2405 novi
751 2356 834 2407 coloni
850 2373 898 2408 no·

151 2437 239 2488 &uini
249 2436 314 2486 carde
325 2437 415 2486 adorti.
449 2435 494 2484 His
505 2433 578 2482 rebus
587 2433 653 2495 aliis,
671 2433 780 2484 consules
792 2435 818 2498 ii,
836 2450 900 2501 quos

103 2537 107 2542 ·
147 2516 271 2578 ¹elisimus,
289 2514 377 2564 Idibus
389 2511 567 2563 Decembribus
585 2511 752 2577 magistratum
771 2528 906 2583 occepere..¹

151 2596 212 2662 Jam
222 2608 273 2643 non
285 2592 372 2654 solum,
390 2591 433 2656 qui
444 2588 475 2639 ad
492 2588 518 2638 id
527 2587 589 2637 missi
600 2600 677 2651 erant,
693 2589 834 2657 retulerant,
851 2590 899 2638 im·

148 2672 249 2723 minere
260 2667 377 2719 Volscum
388 2668 493 2728 bellum,
509 2663 550 2714 sed
566 2665 640 2729 legati
651 2679 751 2731 quoque
761 2665 793 2714 ab
804 2665 903 2714 Latinis

155 2749 181 2799 δι
193 2746 305 2798 Hernicis
318 2745 476 2806 nunciabant,
494 2744 550 2792 Non
560 2747 612 2791 anti
620 2758 709 2808 unquam
720 2741 801 2807 Volscos
811 2756 848 2790 nec
858 2741 899 2789 du·

152 2829 211 2880 ailus
223 2827 323 2897 legendis,
339 2841 376 2875 nec
389 2824 490 2876 exercitui
498 2820 615 2889 scribendo,
631 2820 830 2886 intentioressuaffi.
848 2818 899 2868 vul:
953 2881 955 2885 Ι

150 2915 183 2980 Ji
187 2909 296 2974 fremere,
313 2914 349 2955 arel
365 2905 387 2953 iu
394 2907 524 2971 perpetuum
535 2905 600 2949 mma
611 2898 726 2964 bellumque
736 2896 836 2947 oblivioni
845 2897 898 2950 dan-

155 2990 193 3056 la,
204 2989 321 3057 jugumque
337 2982 496 3050 accipiendum
511 2985 550 3031 aul
565 2977 603 3043 ils,
617 2991 665 3044 um
680 2976 752 3043 quibus
767 2975 794 3028 de
808 2977 900 3043 imperio

339 3067 343 3077 ’
501 3085 506 3095 .
829 3060 901 3103 cerle-
