1964 3660
149 231 203 286 384
406 218 442 272 T.
477 216 570 270 LI'V
587 220 630 269 11

150 314 196 363 sud
208 312 319 380 auspiciis
329 314 415 376 magis,
427 317 499 376 quam
511 312 573 360 novi
585 309 692 376 exempli
703 306 842 376 rogatione,
850 306 896 363 ὼ

150 393 264 439 territum
275 401 303 438 ut
320 392 403 455 potius
419 388 525 450 credam,
543 402 619 452 quum
636 387 707 453 ipsius
718 389 768 436 viri
785 389 898 439 iacit-in·-

151 468 260 530 geuium,
277 475 331 521 tum
342 463 408 528 quod
420 464 442 512 ei
454 462 564 512 suffetius
575 464 608 512 est
619 463 747 528 extempio
762 466 790 512 P.
802 465 904 517 anuli».

150 557 179 590 us
190 540 307 590 distaret:
326 555 399 606 quem
416 539 474 605 quid
493 540 569 588 creari
588 539 709 588 attinebat
725 539 757 588 ad
772 539 800 591 in
816 551 896 590 certa-

150 633 215 681 men,
234 634 285 682 quo
297 620 336 665 M.
349 618 435 665 Furius
446 616 525 664 vitius
536 613 609 665 esset?
626 615 651 664 ἃ
660 615 727 680 quod
741 615 847 666 eundem
855 619 896 682 Me

151 697 254 745 Furium
265 694 408 745 uuarorem
425 694 553 758 insequens
564 707 640 741 annus
655 694 750 755 habuit,
767 693 833 745 haud
846 693 897 747 stne

151 769 245 838 pudore
254 778 318 822 certe
329 761 432 821 fratrum
441 772 522 838 priore
533 785 598 819 anno
612 771 638 818 iu
647 770 672 818 se
684 771 814 838 imperium
824 786 898 839 repe·

151 851 272 898 titutum:
290 849 359 898 timul
376 848 443 914 quod
462 863 493 898 eo
510 858 626 913 tempore,
644 864 694 913 quo
711 847 896 914 promulgatum

151 925 183 976 ‹ie
192 927 283 976 mulsia
295 928 347 990 ejus
361 925 471 987 traditur,
488 935 531 973 aut
545 924 641 974 &huic
656 926 790 989 rogationi,
808 926 856 990 qui
870 925 898 987 se

152 1005 179 1054 iu
190 1004 302 1054 ordinem
311 1004 367 1067 cogi
378 1002 488 1066 videbat,
504 1001 616 1051 obfistere
627 1005 723 1072 potuim
740 1013 784 1053 aut
799 1017 831 1051 ue
842 1003 895 1053 illas

151 1086 261 1150 quidem,
279 1094 380 1149 propter
393 1097 452 1148 quaa
463 1081 488 1130 &
506 1080 619 1130 naeciata
634 1091 694 1142 erat,
711 1080 842 1146 impedire:
861 1081 893 1143 ἃ,
935 1109 938 1116 ·

152 1157 321 1223 quoadusque
333 1157 363 1206 ad
380 1157 525 1206 memoriam
541 1154 648 1204 nostram
659 1155 796 1204 tribuniciis
806 1154 894 1205 cousu-

152 1235 290 1300 laribusque
300 1245 418 1285 certatum
427 1233 522 1285 viribus
530 1232 572 1298 est,
589 1231 712 1285 distamrae
721 1234 896 1302 semperaltiut

152 1311 276 1374 fastigium
288 1311 343 1360 suit.
897 1362 901 1373 ,

186 1393 311 1438 XXXIX.
330 1393 397 1438 Inter
411 1391 519 1454 priorem
537 1386 682 1438 diiiamram
694 1388 832 1440 abdicatam
847 1404 894 1439 uo·

151 1480 258 1530 vamque
275 1468 289 1514 a
303 1467 399 1515 Manlio
410 1467 505 1529 initam,
523 1466 555 1514 ab
569 1465 674 1516 tribunis
686 1467 756 1516 velut
765 1474 808 1534 per
818 1467 894 1516 iuter·

151 1557 254 1606 regnum
272 1543 378 1592 concilio
389 1543 466 1609 plebis
477 1543 572 1605 habito,
589 1544 711 1610 apparuit,
727 1559 781 1609 que
793 1556 825 1592 ex
836 1558 893 1610 pro-

150 1621 263 1684 mulgatis
278 1621 352 1687 plebi,
369 1637 422 1687 quae
436 1621 555 1672 latoribus
566 1624 675 1686 gratiora
685 1620 768 1672 esseut.
791 1637 850 1672 nam
863 1622 894 1672 de

96 1737 102 1741 -
134 1697 244 1749 ’ἰαυοτο
264 1711 337 1766 atque
355 1715 416 1764 agro
436 1701 576 1764 rogationes
593 1701 722 1764 jubebant,
747 1699 778 1752 de
796 1700 894 1768 plebeio

151 1775 278 1826 consulatu
296 1778 465 1843 antiquabant.
487 1779 512 1827 a
529 1776 635 1844 perfetta
651 1788 754 1843 utraque
772 1793 808 1827 rea
827 1777 892 1840 effer,

151 1854 177 1903 ni
189 1855 280 1903 tribuni
298 1855 321 1903 se
335 1857 361 1904 in
381 1857 465 1904 omnia
472 1854 539 1903 simul
560 1852 684 1919 consulere
702 1855 797 1922 piebem
815 1854 893 1906 dixis-

58 1936 61 1940 '
151 1931 210 1979 sent.
246 1935 272 1980 P.
286 1933 393 1982 Manlius
410 1932 497 1981 deinde
508 1930 612 1982 distator
628 1947 681 1982 rem
698 1933 725 1983 iu
735 1931 830 1983 causam
842 1933 894 2000 ple·

150 2006 187 2056 bis
205 2007 341 2072 inclinavit,
361 2013 390 2058 C.
409 2009 517 2071 Licinio,
535 2009 578 2074 qui
594 2008 706 2058 tribunus
722 2010 893 2060 militumfue·

149 2095 196 2148 rat,
213 2085 328 2149 magistro
340 2087 450 2152 equitum
465 2085 496 2135 de
513 2085 583 2152 plebe
594 2084 668 2136 ditio.
703 2086 893 2151 1daegre1>anee

150 2163 228 2228 passos
238 2164 334 2228 accipio
344 2183 350 2224 ς
368 2163 512 2213 disiatorem
524 2165 663 2230 propinqua
671 2164 817 2228 cognatione
823 2167 893 2216 Lid-

149 2240 184 2288 nii
202 2238 225 2287 se
241 2240 306 2304 apud
316 2244 396 2290 Patres
413 2241 529 2291 excusare
542 2241 650 2305 solitum,
666 2241 735 2292 simul
751 2253 892 2308 negantem,
950 2300 953 2307 ,

148 2316 255 2376 magistri
270 2319 380 2380 equitum
394 2319 481 2382 majus,
499 2325 572 2384 quam
583 2319 674 2370 tribuni
685 2318 825 2382 consularis,
842 2321 892 2370 irn-

149 2392 245 2457 penium
257 2392 312 2443 esse
348 2396 458 2444 Licinius
475 2397 627 2462 Sextiusque,
643 2409 720 2462 quum
732 2395 892 2446 tribunorum

149 2468 216 2536 plebi
226 2470 384 2522 creandorum
400 2471 490 2522 inditia
506 2475 607 2523 comitia
617 2473 723 2537 efflent,
716 2482 751 2522 rta
762 2471 786 2522 se
800 2488 893 2539 gerere,

148 2557 184 2610 υτ,
202 2547 333 2612 negando
324 2563 375 2612 Jam
386 2549 430 2599 fibi
442 2551 505 2599 velle
523 2551 662 2601 continuari
679 2553 808 2614 honorem,
824 2567 893 2601 acer-

147 2625 209 2673 rime
216 2622 386 2679 accenderent
402 2627 433 2676 ad
451 2628 483 2691 id,
501 2627 567 2716 quod
584 2627 754 2678 dissimulando
768 2629 893 2695 petebant,

117 2760 125 2768 „
146 2680 255 2768 piebem
291 2708 381 2754 Nonum
387 2704 413 2770 se
423 2722 499 2755 annum
510 2706 562 2766 jam
572 2705 652 2756 ve'lut
644 2725 666 2756 m
677 2709 745 2755 aciem
755 2707 858 2772 adversio
868 2724 892 2756 o·

53 2782 78 2794 ’“’
144 2780 248 2844 ptimates
259 2783 352 2829 niaximo
365 2783 475 2847 privatim
483 2781 587 2847 periculo,
603 2783 657 2834 uulso
666 2783 749 2850 publice
764 2785 891 2834 emolumen-

40 2896 43 2901 ,
145 2854 241 2916 testare.
265 2856 854 2926 consenuiffijamsecum&rogationespmmuigatag
859 2859 892 2925 ig·
927 2903 930 2908 .

146 2933 196 2980 vim
210 2949 296 2993 onmem
304 2936 348 2997 trib
350 2938 420 2986 uniciae
427 2937 547 3003 potestatis.
582 2940 660 2991 Primi
676 2940 816 3004 interceffione
828 2938 890 2988 colie-

98 3024 223 3079 garum
233 3027 256 3061 m
265 3011 322 3082 leges
325 3012 378 3080 suas
383 3013 572 3086 ΜΨ
569 3014 663 3095 4ςέεᾲ
672 3015 892 3133 abltgijz

3 3131 37 3153 N·

76 3100 169 3183 Ἣ),

11 3179 133 3264 sm!

123 3274 131 3282 .
