1964 3660
157 189 206 245 318
415 186 451 236 T.
486 188 509 239 L
527 187 540 238 1
558 191 582 238 V
600 191 612 238 1
629 188 643 237 1

156 263 310 314 AEduorum:
334 263 377 328 ibi,
394 281 468 314 omen
488 265 613 331 sequentes
632 267 691 332 loci,
708 265 840 321 condidere
860 283 901 335 un,

156 334 228 389 bem:
248 343 416 392 Mediolanum
429 344 590 410 appelldrunt.
769 396 771 402 ,

189 423 300 469 XXXV.
320 420 376 470 Alia
385 420 486 471 subinde
500 437 586 471 manus
599 425 808 488 Cenomanorum,
825 424 904 473 Elito-
925 454 929 458 -

154 496 200 545 vio
212 496 274 547 duce
285 499 387 562 vestigia
398 501 509 567 priorum
517 502 608 563 secuta,
625 500 711 550 eodem
726 500 796 569 sqltu,
813 500 903 565 saven-

155 584 180 622 te
193 573 326 638 Bello‘veso,
343 593 418 641 quum
426 577 607 627 transcendisset
620 577 702 644 Alpes,
719 578 762 628 ubi
771 594 840 628 >nunc
850 579 903 645 3¹5³

154 654 198 704 xia
210 669 238 702 ac
248 659 346 703 Verona
363 656 435 705 urbes
444 655 506 720 sunt,
525 656 603 720 (locos
615 655 714 705 tenuere
723 657 809 723 Libui)
827 657 906 708 consi·

155 730 226 781 dunt.
234 733 286 798 poll
298 733 343 782 hos
357 734 466 797 Salluvii,
476 749 554 801 prope
568 731 802 800 antiquam‘gentem
812 738 904 788 Laevos

155 808 269 874 Ligures,
291 812 424 862 incolentes
442 813 506 863 circa
528 812 772 862 Tirinum'amnem.
807 815 904 872 Penino

155 885 241 936 deinde
257 889 311 938 Boii
328 890 501 955 Lingonesque
518 888 660 954 transgressi,
678 902 755 955 quum
768 890 821 954 jam
837 892 904 942 inter

155 965 249 1016 Padum
258 977 332 1035 atque
345 969 417 1036 Alpes
426 970 510 1018 omnia
518 979 666 1031 tenerentur,
676 967 744 1019 Pado
752 968 846 1018 ratibus
855 979 904 1020 tra·

152 1041 227 1108 jelio,
250 1061 301 1094 non
316 1047 431 1098 Etruscos
447 1045 531 1110 morib,
557 1046 598 1097 sed
617 1047 692 1095 etiam
706 1046 822 1111 Umbros,
839 1063 902 1112 agro

159 1124 268 1190 pellunt:
286 1125 349 1174 intra
359 1126 518 1191 Apenninum
531 1135 615 1174 tamen
626 1123 675 1174 sese
686 1134 796 1173 tenuere.
831 1127 902 1177 Tum

155 1203 440 1264 Senones-recentissimi
458 1203 619 1266 advenarum,
642 1203 674 1251 ab
692 1205 782 1252 Utente
800 1202 903 1254 flumine
926 1216 927 1219 ’

154 1278 230 1345 usque
241 1281 272 1330 ad
284 1280 359 1331 AEsrm
370 1281 431 1330 sines
441 1282 557 1331 habuere.
591 1282 663 1330 Hauc
677 1289 775 1344 gentem
785 1279 902 1346 clusum,

155 1358 311 1422 Romamque
328 1358 392 1423 iude,
410 1358 501 1409 venisse
513 1359 649 1426 comperio.
667 1358 693 1407 id
710 1371 798 1424 parum
808 1369 903 1411 eertum

155 1436 197 1499 est,
214 1435 330 1500 solamne,
347 1452 379 1486 an
395 1437 427 1486 ab
441 1437 556 1486 omnibus
573 1434 754 1502 Cisalpinorum
772 1435 903 1488 Gallorum

155 1513 252 1591 populis
260 1513 378 1577 adjutam.
413 1512 512 1578 Clusini,
530 1512 673 1564 norobeno
688 1511 807 1577 exterriti,
825 1527 903 1579 quum

155 1591 346 1656 multitudinem,
363 1606 441 1658 quum
450 1590 543 1641 formas
554 1592 684 1643 hominum
697 1587 832 1640 invisitatas
848 1604 902 1642 cet·

155 1679 241 1721 nerent
257 1670 283 1721 &
302 1683 377 1736 genus
396 1684 530 1735 armorum,
546 1667 716 1735 audirentque,
731 1666 794 1735 saepe
810 1667 843 1718 ab
861 1667 901 1736 iis,

156 1750 190 1804 cis
202 1748 296 1804 Padum
306 1749 427 1816 ultraque,
443 1750 551 1816 legiones
562 1748 722 1799 Etruscorum
731 1745 805 1814 susas,
822 1762 901 1816 quau·

155 1845 230 1896 quam
240 1828 356 1882 adversus
367 1835 494 1883 Romanos
505 1830 600 1880 nullum
608 1829 642 1880 eir
652 1828 693 1893 jus
701 1825 823 1881 societatis
838 1829 902 1885 ami,

155 1909 252 1964 titiaeve
261 1922 320 1976 erat,
337 1910 381 1961 nisi
395 1909 461 1978 quod
473 1909 589 1974 Vejentes
602 1906 797 1973 consanguineos
810 1908 899 1960 advena

47 2044 52 2058 p
151 1989 194 2043 sus
203 1993 323 2059 populum
340 1994 479 2041 Romanum
496 2006 547 2041 non
560 1987 726 2054 defendissent,
742 1989 837 2054 legatos
847 1991 900 2040 Ros

154 2085 231 2134 mam,
247 2074 290 2138 qui
308 2072 429 2121 auxilium
446 2072 478 2122 ab
492 2071 576 2120 senatu
593 2079 713 2136 peterent,
730 2069 826 2118 misere.
860 2071 902 2120 De

101 2162 106 2195 L
155 2151 251 2200 auxilio
263 2150 324 2199 nihil
335 2151 502 2216 impetratum.
528 2149 602 2211 legati
615 2158 662 2197 tres
674 2150 712 2197 Μ.
723 2149 793 2198 Fabii
803 2147 911 2199 Ambus¹

154 2227 183 2278 sti
194 2227 238 2276 lilii
247 2226 316 2289 milli,
332 2228 375 2292 qui
387 2225 482 2276 senatus
496 2226 631 2293 populique
642 2226 749 2274 Romani
762 2225 865 2274 nomine
872 2242 900 2274 a·-

152 2315 239 2368 gerent
250 2319 306 2354 eum
322 2304 407 2368 Gallis,
424 2319 463 2368 ne,
480 2309 494 2352 ὲ
508 2302 597 2368 quibus
606 2302 697 2351 nullam
707 2302 820 2364 injuriam
830 2313 900 2352 acce·

153 2381 247 2451 pissent‚
264 2380 343 2432 socios
355 2382 441 2450 populi
452 2381 558 2432 Romani
570 2390 643 2445 atque
657 2375 750 2430 amicos
767 2395 900 2447 oppugnas

152 2472 217 2513 rent.
251 2463 369 2511 Romanis
383 2474 426 2512 eos
436 2461 502 2511 bello
518 2465 623 2527 quoque,
640 2459 657 2508 sr
672 2471 713 2509 res
726 2464 807 2526 cogat,
825 2471 899 2513 tuen·

152 2541 198 2593 dos
209 2539 264 2592 esse.
285 2541 326 2592 sed
337 2542 424 2595 melius
437 2541 527 2604 visum,
543 2539 635 2589 bellum
646 2538 727 2606 ipsum
742 2541 863 2605 amoveri,
880 2538 900 2589 si

153 2619 242 2689 posset,
262 2616 389 2686 &Gallos
407 2633 501 2671 novam
510 2628 616 2685 gentem,
633 2632 694 2686 pace
710 2610 899 2686 potidseogno·

154 2699 197 2764 sei,
214 2706 287 2766 qudm
297 2701 380 2750 armis.

188 2778 313 2831 xxxvl.
331 2780 402 2830 Mitis
412 2774 511 2845 leg'atio,
529 2777 554 2826 ni
564 2774 707 2844 praeferoces
717 2775 818 2841 legatos.
837 2775 898 2826 Gal·

153 2858 230 2925 lisque
240 2861 318 2925 magis
327 2867 400 2928 quam
415 2859 533 2910 Romanis
544 2856 639 2923 similes,
656 2856 783 2906 habuisset.
801 2855 898 2921 quibus,

153 2939 282 3007 poliqua‘m
291 2940 404 2991 mandata
416 2938 542 2988 ediderunt
551 2938 577 2986 in
586 2938 693 2988 coneilio
703 2935 838 2997 Gallorum,
855 2932 898 2982 da-

153 3025 194 3072 tur
210 3012 366 3084 responsum:
390 3016 440 3085 Etfi
454 3032 535 3069 novum
550 3024 625 3077 ttamen
642 3016 731 3069 audiant
746 3016 899 3130 Romam&
