1964 3660
366 235 606 290 LIBERV.
810 208 897 302 333v

113 319 265 389 nunciatqu'e
277 325 362 389 Gallis,
379 337 407 376 ut
419 325 443 375 se
453 325 484 375 ad
498 326 610 392 proelium
621 323 763 392 expediant.
798 329 861 379 Suos

115 401 142 451 sn
157 417 274 450 acervum
281 404 412 468 conjicere
428 403 540 467 sarcinas,
557 404 583 452 ἃ
594 418 661 452 arma
672 415 765 471 aptare,
782 404 862 458 serron

114 493 173 544 que,
187 494 239 528 >non
258 495 327 543 auro,
345 496 488 548 recuperare
508 482 613 546 patriam
622 481 702 545 jubet,
719 483 745 531 in
756 483 862 551 conspe-v

115 551 157 602 siu
177 554 293 605 habentes
308 556 366 606 sana
386 558 477 619 Deum,
494 557 525 621 ἃ,
538 557 664 621 conjuges,
681 558 707 608 &
720 559 818 624 liberos,
835 561 863 614 δε

116 629 196 680 solum
207 634 291 698 patriae
308 635 419 684 deforme
433 635 491 684 belli
506 635 583 697 malis,
602 635 734 699 Bromia,
750 653 805 701 quar
818 637 862 690 dc-

115 707 183 758 sendi
195 711 323 777 repetique
335 713 359 762 ἃ
368 704 452 761 ulcisci
461 711 496 761 sas
507 712 544 760 fit.
569 712 668 761 tnttruit
678 711 764 763 deinde
773 712 862 782 aciem,

115 795 144 834 ut
154 785 204 835 loci
223 797 310 837 natura
326 789 474 855 patiebatur,
490 789 516 837 in
533 787 654 837 semirutae
671 787 725 848 solo
742 792 819 860 urbis,
835 793 863 846 dt

115 864 204 912 tratura
217 865 347 930 inaequali;
364 866 388 915 ἃ
401 868 493 929 omnia,
511 881 566 931 quae
576 876 628 914 arte
638 865 696 914 belli
708 865 812 919 secunda
824 870 863 919 su·

115 939 136 990 is
152 940 210 1004 eligi
226 944 389 1009 praepararive
405 953 530 1011 poterant,
545 941 665 1009 providit.
702 944 776 1007 Galli,
793 946 863 997 nova

112 1033 143 1069 ¹re
153 1019 252 1085 trepidi,
269 1037 336 1072 arma
346 1022 455 1088 capiunt,
473 1023 556 1086 irique
565 1022 651 1084 magis,
668 1022 863 1087 qusmconslio,

114 1097 141 1146 in
154 1099 279 1148 Romanos
290 1099 427 1149 incurrunt
445 1102 501 1165 Jam
511 1108 619 1148 verterat
627 1097 735 1163 fortuna,
749 1099 802 1163 jam
810 1102 863 1153 De·

115 1187 188 1224 orum
201 1189 260 1241 opes
271 1176 428 1242 humanaque
439 1175 538 1226 consilia
548 1191 600 1225 rem
610 1177 747 1224 Romanam
757 1175 862 1239 adjuva7

116 1248 185 1301 bant
203 1251 280 1315 igitur
295 1255 378 1320 primo
398 1253 518 1305 concursu
535 1252 600 1304 haud
619 1252 714 1315 maj0re
732 1265 863 1332 momento
919 1269 923 1274 ’

115 1321 162 1378 susi
174 1326 240 1376 Galli
252 1327 315 1392 sunt,
332 1330 443 1400 quamad
456 1330 546 1380 Alliam
555 1330 683 1378 vicerant
711 1312 816 1393 Justior'e
826 1329 864 1389 al,

115 1415 170 1455 tero
182 1403 270 1456 deinde
290 1407 375 1472 proelio
389 1407 421 1457 ad
438 1407 554 1458 oslavum
573 1405 681 1475 lapidem
694 1400 792 1458 Gabina
808 1407 862 1474 vii,

114 1486 166 1550 quo
174 1483 198 1534 se
210 1499 243 1535 ex
253 1484 312 1551 suga
321 1487 483 1551 contulerant,
499 1486 607 1576 ejusdem
619 1484 692 1535 duttu
702 1487 865 1555 auspicioque

117 1563 214 1613 Camilli
225 1564 368 1616 vincuntur.
403 1565 442 1615 lbi
453 1564 622 1616 caedesomnia
636 1564 752 1615 obtinuit.
787 1565 864 1616 castra

115 1640 255 1707 capiuntur,
272 1641 297 1692 ἃ
313 1657 344 1691 ne
359 1643 463 1691 nuncius
478 1639 577 1706 quidem
590 1638 664 1689 cladis
674 1640 779 1692 reliilus.
814 1641 866 1705 Di·

114 1715 202 1779 stator,
219 1718 362 1803 recuperata
380 1731 413 1766 ex
428 1716 538 1766 hostibus
557 1715 645 1783 patrii,
668 1715 842 1783 triumphans‘'
835 1731 865 1769 ru

115 1793 203 1844 urbem
214 1791 291 1841 redit:
307 1792 420 1858 interque
429 1792 501 1856 jocos
512 1790 638 1853 militares,
649 1803 711 1855 quos
722 1791 866 1861 inconditos

113 1869 219 1932 jaciunt,
236 1868 356 1917 Romulus
376 1885 404 1917 ac
422 1882 506 1934 parens
523 1868 608 1934 patrie
624 1866 786 1932 conditorque
802 1869 864 1925 alter

114 1944 183 1993 urbis
196 1941 261 1992 haud
269 1945 340 1994 vanis
348 1941 460 1994 laudibus
468 1942 613 2010 appellatur.
640 1947 766 1992 Servatam
775 1941 865 1996 deinde

114 2020 180 2074 bello
190 2020 293 2086 patriam
303 2022 392 2071 iterum
400 2022 426 2071 in
434 2036 494 2089 pace
502 2020 568 2070 haud
577 2017 650 2068 dubie
658 2018 776 2085 servavit,
786 2035 864 2086 quum

114 2098 245 2170 probibuit
261 2099 362 2165 migrari
374 2099 459 2165 Vejos,
477 2099 501 2150 dr
516 2098 620 2149 tribums
636 2112 688 2146 rem
704 2097 821 2148 intentius
834 2113 862 2147 a·

116 2175 230 2242 gentibus
238 2176 292 2245 post
301 2175 425 2228 incensam
435 2175 531 2241 urbem,
549 2177 626 2243 &per
637 2173 662 2224 sc
675 2175 794 2226 inclinati
808 2191 862 2227 ma·

115 2254 153 2319 gis
162 2253 236 2321 plebe
252 2253 283 2304 ad
293 2254 320 2305 id
331 2254 468 2305 confilium.
486 2268 562 2321 eaque
574 2248 646 2302 causa
657 2250 707 2304 suit
723 2269 774 2303 non
791 2253 864 2318 abdia

115 2331 199 2382 candae
215 2331 268 2400 poss
288 2333 440 2401 triumphum
457 2331 589 2396 ditatura,
605 2328 691 2380 senatu
708 2329 867 2407 obsecrante,

97 2421 147 2479 'ne
158 2409 350 2474 rempublicam
343 2425 368 2460 m
380 2412 475 2461 incerto
483 2409 632 2475 relinqueret
640 2407 711 2457 statu

149 2485 181 2532 L.
200 2484 318 2535 Omnium
309 2487 446 2556 primum,
463 2495 491 2536 ut
500 2494 552 2535 erat
560 2483 753 2547 diligentissimus
761 2483 866 2552 religios

115 2577 176 2612 num
187 2560 275 2625 cultor,
292 2577 346 2628 quae
354 2562 385 2612 ad
400 2566 468 2612 Deos
482 2560 634 2612 immortales
642 2562 805 2630 pertinebant,
821 2578 862 2614 re·

115 2640 189 2700 tufit;
212 2637 486 2690 &senatusconsultum
505 2639 574 2704 sacit,
591 2640 654 2688 Fara
672 2641 751 2704 omnia,
767 2641 866 2707 quiden

113 2717 178 2782 bostis
188 2714 310 2784 pofferiffrt,
326 2718 493 2792 ressitrrrrrrtur,
509 2717 686 2782 terminarentur,
710 2717 861 2784 expiarentur
864 2780 866 2785 Ἰ

82 2797 85 2808 “
114 2809 162 2862 que,
178 2793 312 2860 expiatioque
328 2809 399 2842 eorum
417 2795 441 2844 ir
456 2793 517 2843 libris
526 2804 569 2860 per
586 2793 711 2844 duumviros
727 2801 865 2870 quereretur.

116 2870 173 2922 Cim
185 2869 272 2920 Crret‘rb
272 2886 296 2920 us
306 2870 419 2939 hospitium
426 2868 510 2942 public?
515 2870 590 2936 fimet,
601 2871 654 2938 quod
657 2871 723 2939 sacra
730 2871 806 2938 prpuli
816 2871 863 2921 lir-

115 2948 175 2999 marri
186 2965 211 2997 ac
216 2949 336 3016 sacnmtrs
347 2940 475 3019 recepiffertt,
491 2946 660 3016 beneficioque'
639 2963 685 3014 ejus
692 2949 767 3017 popuii
776 2965 817 3000 ron
827 2950 867 3027 itt-n

114 3021 221 3096 trrnrtffrs
232 3023 294 3080 soros
310 3026 386 3082 Dein
396 3024 550 3082 immortalium
561 3021 625 3096 effes:
640 3023 685 3080 tart
697 3026 812 3113 Capitolini
816 3010 869 3107 fie-

801 3086 869 3175 rer,
