1964 3660
121 180 153 227 μ
331 157 334 166 “
383 171 420 220 τ.
455 163 613 222 e1v1t
662 228 664 234 ,

114 253 194 322 populo
204 254 298 305 Remoto
305 266 444 323 pepererunt.
478 260 574 325 I,coput
586 258 662 309 obnube
676 259 792 312 liberatoris
807 263 864 316 urbis

117 331 195 395 brejas:
213 331 283 380 arbori
288 333 369 396 infelici
372 333 491 400 suspende:
509 336 607 400 votor,
616 337 654 391 vel
664 339 721 387 intra
729 341 865 404 pomoerium,

117 410 178 461 niodo*
188 408 245 457 inter
260 409 297 458 illa
304 409 352 475 pila
369 411 395 459 do·
407 411 478 478 spolia
490 411 593 475 bostium,
610 415 649 462 uel
658 424 720 464 extra
728 419 865 484 pomerium,
926 405 928 408 ,

115 485 178 534 modi
187 486 271 551 intras
347 504 361 534 a
370 488 522 537 Curiatiorum.
556 490 608 554 Qui
616 490 671 538 enim
680 491 754 540 ducere
767 492 819 540 bunc
824 494 865 556 jus

116 575 195 610 venem
200 562 315 628 potestisne
327 564 506 628 inoofieodecora
514 568 651 616 eomitante
657 567 867 635 foditotefitpplicii
913 613 916 618 .

116 639 245 688 vindicent?
279 635 338 701 Non
354 641 411 690 tulit
421 642 527 708 populus
537 658 582 692 nec
594 644 669 710 patris
682 644 801 709 lacrimas,
818 660 865 696 nec
905 672 909 678 -

117 712 190 779 ipsius
207 730 291 782 panem
302 715 414 781 inomni
431 717 541 785 periculo
552 715 676 768 animum:
694 719 866 770 ablolverunt·

116 803 165 853 que
176 790 338 842 admiratione
346 794 423 857 magis
435 794 542 858 virtutis,
554 800 627 861 quim
634 794 690 860 jure
701 794 787 846 eausa.
813 799 865 847 Ita-

115 881 173 934 que,
185 879 213 918 ut
224 868 299 919 caedes
309 870 442 935 manifesta,
451 871 535 937 aliquo
544 882 624 921 tamen
633 872 739 940 piaculo,
748 874 869 938 lueretur,

115 945 265 1012 imperatum
275 949 346 1014 patri,
353 960 381 998 ut
390 948 468 998 filium
477 949 587 1031 effiaret
595 935 698 1016 pecunie
706 951 812 1018 publici.
831 955 864 1020 Is,

116 1023 264 1093 quibusdam
285 1026 448 1092 piacularibus
463 1024 586 1076 sacrificiis
599 1026 676 1090 saun,
702 1043 756 1092 que
775 1026 864 1077 deinde

115 1104 185 1168 genti
196 1104 305 1155 Horatia
317 1104 406 1153 tradita
416 1101 479 1166 sunt,
505 1103 639 1153 transmisso
655 1119 699 1170 per
710 1106 778 1154 viam
797 1105 864 1168 tigil-

115 1180 150 1243 lo,
168 1181 249 1244 capite
264 1179 392 1243 adoperto,
412 1176 542 1239 velutjsub
557 1180 645 1243 jugum
655 1179 720 1230 misit
733 1180 868 1243 juvenem..

114 1255 226 1305 ldhodie
234 1269 333 1318 quoque
341 1254 438 1320 publice
447 1253 665 1321 semperreseilum
673 1270 764 1307 manet.
790 1262 864 1306 Soro-

113 1333 181 1381 rium
192 1331 297 1396 tigillum
308 1341 409 1381 vocant.
444 1332 553 1381 Horatia
564 1330 726 1399 sepulchrum,
744 1349 794 1400 quo
805 1334 864 1386 loco

114 1420 241 1462 corruerat
254 1409 309 1471 itta,
327 1408 490 1459 constentiam
503 1410 536 1459 est
552 1408 612 1460 saxo
624 1409 752 1475 quadrato.

148 1491 262 1537 XXVII.
280 1489 334 1537 Nec
344 1486 387 1537 diu
398 1501 449 1554 pax
460 1487 557 1537 Albana
567 1487 661 1537 manlit.
679 1489 774 1539 invidia
782 1488 864 1553 vulgi,

114 1564 181 1632 quud
193 1564 270 1616 tribus
286 1565 405 1615 militibus
421 1565 521 1616 fortuma
531 1565 631 1634 publica
641 1567 767 1619 commilla
777 1568 863 1632 suerit,

114 1656 208 1693 uanum
220 1645 347 1708 ingenium
355 1642 480 1693 dillatoris
491 1644 613 1710 corrupit;
628 1644 787 1710 &,quoniam
797 1643 864 1696 reeta

113 1719 216 1770 consilia
232 1720 298 1771 haud
316 1720 378 1770 bene
388 1732 529 1785 evenerant,
548 1719 631 1787 pravis
647 1722 803 1771 reconciliare
814 1737 860 1790 po-

113 1799 237 1866 pularium
251 1801 346 1850 animos
362 1799 445 1867 eoepit.
480 1800 567 1864 Igitur,
580 1810 610 1849 ut
625 1801 693 1867 prius
705 1799 730 1850 in
741 1799 807 1850 bello
817 1816 862 1867 pa.

113 1891 178 1942 cem,
194 1877 226 1940 iic
238 1879 264 1927 in
274 1894 334 1945 paee
345 1878 437 1929 bellum
451 1893 568 1944 quarens,
585 1878 643 1944 quia
657 1877 704 1928 [nce
722 1877 819 1928 civitati
834 1893 862 1927 a·

113 1954 239 2005 nimorum
245 1957 385 2022 pluequam
393 1956 487 2006 virium
496 1956 611 2007 cernebat
616 1955 669 2020 effe,
680 1954 711 2007 ad
719 1955 809 2008 bellum
818 1971 864 2022 pa-

112 2034 164 2084 lam
174 2045 248 2100 atque
259 2049 292 2084 ex
303 2033 385 2085 editto
395 2035 533 2099 gerundum
544 2036 604 2086 alios
621 2035 728 2086 eoncitat
739 2035 844 2104 populos
854 2048 865 2084 ι

113 2111 163 2163 suis
179 2128 223 2179 per
238 2111 344 2178 speciem
357 2111 480 2163 societatis
493 2112 660 2179 proditionem
668 2111 785 2168 reservat.
819 2112 862 2162 Fi·

112 2188 221 2251 denates,
238 2190 336 2238 colonia
343 2192 464 2252 Romana,
482 2189 628 2252 Vejentibue
639 2187 709 2238 sociis
720 2188 811 2238 consilii
823 2188 860 2239 as·

112 2265 225 2332 sumptis,
243 2265 314 2330 padio
326 2265 471 2316 transitionis
481 2267 632 2314 Albanorum
643 2264 674 2313 ad
684 2264 775 2314 bellum
786 2276 862 2329 atque

26 2378 101 2400 ...a
112 2357 183 2393 arma
193 2342 334 2391 incitantur.
359 2345 445 2405 Quum
456 2340 553 2391 Fidenae
563 2345 645 2406 aperte
655 2339 787 2405 descissent,
796 2342 861 2392 Tul·

112 2417 152 2468 luc
167 2421 258 2482 Metto,
273 2419 432 2484 exercituque
442 2418 495 2482 ejus
505 2418 537 2467 ab
547 2417 611 2467 Alba
618 2418 707 2481 accito,
718 2429 804 2468 eontra
814 2419 863 2473 ho·,

27 2484 30 2489 ’
113 2495 244 2546 llesducit.
260 2495 306 2544 ubi
317 2497 437 2546 Anienem
455 2495 556 2559 mestit,
572 2495 603 2545 ad
614 2497 764 2546 confluentes
783 2497 862 2548 eollo-

112 2583 154 2632 eat
165 2573 249 2623 castra.
283 2575 351 2622 Inter
362 2588 418 2622 eum
429 2573 513 2624 locum
523 2573 548 2623 ἃ
557 2573 810 2636 FidenacVejentium
821 2588 865 2625 ex·

112 2651 203 2701 excitus
214 2649 330 2700 Tiberim
338 2648 470 2700 transierat.
504 2650 572 2700 Hi&
583 2651 608 2699 in
617 2651 669 2700 aoie
681 2667 758 2719 prope
769 2653 863 2702 flumen

112 2735 214 2777 tenuere
229 2726 346 2777 dextrum
357 2743 447 2778 cornu:
472 2727 499 2777 in
509 2725 601 2777 sinistro
619 2727 747 2778 Fidenates
759 2729 863 2795 propius

112 2816 210 2855 montes
221 2804 361 2856 consistunt.
394 2805 483 2855 Tullus
496 2804 611 2855 adversus
622 2805 752 2869 Vejentem
767 2805 861 2854 hostem

113 2878 199 2943 dirigit
209 2881 277 2932 snos:
296 2881 405 2932 Albanos
415 2893 501 2932 contra
508 2882 631 2946 legionem
642 2881 797 2931 Fidenatium
808 2880 860 2928 col-

113 2955 189 3010 locet.
222 2960 321 3012 Albano
334 2976 387 3013 non
401 2960 456 3028 plus
471 2961 548 3041 animi
561 2969 621 3023 erat,
637 2963 712 3025 qnam
722 2957 789 3007 fidei.
814 2968 862 3004 nec
884 2954 886 2959 '

570 3057 574 3061 ·
761 3041 859 3081 manere
