<?xml version="1.0" encoding="UTF-8"?>
<!DOCTYPE html PUBLIC "-//W3C//DTD XHTML 1.0 Transitional//EN"
    "http://www.w3.org/TR/xhtml1/DTD/xhtml1-transitional.dtd">
<html xmlns="http://www.w3.org/1999/xhtml" xml:lang="en" lang="en">
 <head>
  <title>
</title>
<meta http-equiv="Content-Type" content="text/html;charset=utf-8" />
  <meta name='ocr-system' content='tesseract 3.04.00' />
  <meta name='ocr-capabilities' content='ocr_page ocr_carea ocr_par ocr_line ocrx_word'/>
</head>
<body>
  <div class='ocr_page' id='page_1' title='image "./titiliviipatavi00livygoog_0491.png"; bbox 0 0 1964 3660; ppageno 0'>
   <div class='ocr_carea' id='block_1_1' title="bbox 110 180 922 3100">
    <p class='ocr_par' dir='ltr' id='par_1_1' title="bbox 110 180 922 3100">
     <span class='ocr_line' id='line_1_1' title="bbox 148 180 889 254; baseline -0.001 -18"><span class='ocrx_word' id='word_1_1' title='bbox 148 198 198 254; x_wconf 69' lang='lat'><em>4⁸⁰</em></span> <span class='ocrx_word' id='word_1_2' title='bbox 399 186 436 237; x_wconf 85' lang='grc' dir='ltr'><em>Τ.</em></span> <span class='ocrx_word' id='word_1_3' title='bbox 471 186 525 235; x_wconf 80' lang='lat' dir='ltr'><em>L‘I</em></span> <span class='ocrx_word' id='word_1_4' title='bbox 543 187 567 234; x_wconf 89' lang='lat' dir='ltr'>V</span> <span class='ocrx_word' id='word_1_5' title='bbox 585 184 630 235; x_wconf 82' lang='grc' dir='ltr'><em>ῙῘ</em></span> <span class='ocrx_word' id='word_1_6' title='bbox 653 180 659 191; x_wconf 58' lang='lat'>&#39;</span> <span class='ocrx_word' id='word_1_7' title='bbox 884 239 889 245; x_wconf 53' lang='grc'><em>,</em></span> 
     </span>
     <span class='ocr_line' id='line_1_2' title="bbox 147 275 913 346; baseline 0.001 -18"><span class='ocrx_word' id='word_1_8' title='bbox 147 283 207 330; x_wconf 86' lang='lat' dir='ltr'><em>unico</em></span> <span class='ocrx_word' id='word_1_9' title='bbox 217 277 268 326; x_wconf 87' lang='lat' dir='ltr'><em>duce</em></span> <span class='ocrx_word' id='word_1_10' title='bbox 279 278 354 328; x_wconf 77' lang='lat' dir='ltr'><em>meliis</em></span> <span class='ocrx_word' id='word_1_11' title='bbox 361 280 412 346; x_wconf 86' lang='lat' dir='ltr'><em>geri</em></span> <span class='ocrx_word' id='word_1_12' title='bbox 426 278 529 345; x_wconf 87' lang='lat' dir='ltr'><em>potuerit,</em></span> <span class='ocrx_word' id='word_1_13' title='bbox 541 275 673 341; x_wconf 74' lang='lat' dir='ltr'><em>supplicium</em></span> <span class='ocrx_word' id='word_1_14' title='bbox 690 275 753 341; x_wconf 82' lang='lat' dir='ltr'><em>magi</em></span> <span class='ocrx_word' id='word_1_15' title='bbox 785 278 913 346; x_wconf 80' lang='lat' dir='ltr'><em>aequitum</em></span> 
     </span>
     <span class='ocr_line' id='line_1_3' title="bbox 147 351 911 422; baseline -0.004 -19"><span class='ocrx_word' id='word_1_16' title='bbox 147 356 263 403; x_wconf 75' lang='lat' dir='ltr'><em>minetur?</em></span> <span class='ocrx_word' id='word_1_17' title='bbox 292 358 370 420; x_wconf 89' lang='lat' dir='ltr'><em>qune</em></span> <span class='ocrx_word' id='word_1_18' title='bbox 382 355 442 403; x_wconf 82' lang='lat' dir='ltr'><em>illum</em></span> <span class='ocrx_word' id='word_1_19' title='bbox 454 351 556 418; x_wconf 85' lang='lat' dir='ltr'><em>magistro</em></span> <span class='ocrx_word' id='word_1_20' title='bbox 567 353 661 417; x_wconf 88' lang='lat' dir='ltr'><em>equitum</em></span> <span class='ocrx_word' id='word_1_21' title='bbox 672 352 824 419; x_wconf 81' lang='lat' dir='ltr'><em>infestiorem,</em></span> <span class='ocrx_word' id='word_1_22' title='bbox 841 359 911 422; x_wconf 72' lang='lat' dir='ltr'><em>quam</em></span> 
     </span>
     <span class='ocr_line' id='line_1_4' title="bbox 147 427 913 499; baseline -0.003 -18"><span class='ocrx_word' id='word_1_23' title='bbox 147 431 238 481; x_wconf 88' lang='lat' dir='ltr'><em>tribunis</em></span> <span class='ocrx_word' id='word_1_24' title='bbox 249 431 349 493; x_wconf 87' lang='lat' dir='ltr'><em>militum,</em></span> <span class='ocrx_word' id='word_1_25' title='bbox 366 434 432 496; x_wconf 81' lang='lat' dir='ltr'><em>quim</em></span> <span class='ocrx_word' id='word_1_26' title='bbox 443 427 604 490; x_wconf 89' lang='lat' dir='ltr'><em>centurionibus,</em></span> <span class='ocrx_word' id='word_1_27' title='bbox 620 430 684 494; x_wconf 79' lang='lat' dir='ltr'><em>quim</em></span> <span class='ocrx_word' id='word_1_28' title='bbox 695 429 808 479; x_wconf 88' lang='lat' dir='ltr'><em>militibus</em></span> <span class='ocrx_word' id='word_1_29' title='bbox 820 431 870 499; x_wconf 81' lang='lat' dir='ltr'><em>effe</em></span> <span class='ocrx_word' id='word_1_30' title='bbox 889 431 913 496; x_wconf 88' lang='lat' dir='ltr'><em>fi</em></span> 
     </span>
     <span class='ocr_line' id='line_1_5' title="bbox 146 502 910 572; baseline 0.003 -17"><span class='ocrx_word' id='word_1_31' title='bbox 146 509 216 572; x_wconf 81' lang='lat' dir='ltr'><em>pofflt,</em></span> <span class='ocrx_word' id='word_1_32' title='bbox 236 508 259 555; x_wconf 92' lang='lat' dir='ltr'><em>in</em></span> <span class='ocrx_word' id='word_1_33' title='bbox 270 523 339 555; x_wconf 81' lang='lat' dir='ltr'><em>ornnes</em></span> <span class='ocrx_word' id='word_1_34' title='bbox 345 509 471 572; x_wconf 84' lang='lat' dir='ltr'><em>sevitnrum</em></span> <span class='ocrx_word' id='word_1_35' title='bbox 477 502 562 571; x_wconf 80' lang='lat' dir='ltr'><em>suiffe:</em></span> <span class='ocrx_word' id='word_1_36' title='bbox 578 506 627 570; x_wconf 90' lang='lat' dir='ltr'><em>quia</em></span> <span class='ocrx_word' id='word_1_37' title='bbox 641 504 665 552; x_wconf 85' lang='lat' dir='ltr'><em>id</em></span> <span class='ocrx_word' id='word_1_38' title='bbox 680 515 781 571; x_wconf 80' lang='lat' dir='ltr'><em>nequeat,</em></span> <span class='ocrx_word' id='word_1_39' title='bbox 802 509 828 556; x_wconf 87' lang='lat' dir='ltr'><em>in</em></span> <span class='ocrx_word' id='word_1_40' title='bbox 845 525 910 557; x_wconf 78' lang='lat' dir='ltr'><em>unum</em></span> 
     </span>
     <span class='ocr_line' id='line_1_6' title="bbox 142 580 907 647; baseline 0.004 -19"><span class='ocrx_word' id='word_1_41' title='bbox 142 584 230 646; x_wconf 73' lang='lat' dir='ltr'><em>sevire.</em></span> <span class='ocrx_word' id='word_1_42' title='bbox 264 583 343 630; x_wconf 84' lang='lat' dir='ltr'><em>Etiam</em></span> <span class='ocrx_word' id='word_1_43' title='bbox 360 583 474 644; x_wconf 85' lang='lat' dir='ltr'><em>invidiam,</em></span> <span class='ocrx_word' id='word_1_44' title='bbox 491 589 588 644; x_wconf 86' lang='lat' dir='ltr'><em>tanquam</em></span> <span class='ocrx_word' id='word_1_45' title='bbox 608 580 688 645; x_wconf 67' lang='lat' dir='ltr'><em>ignem</em></span> <span class='ocrx_word' id='word_1_46' title='bbox 699 582 795 645; x_wconf 82' lang='lat' dir='ltr'><em>summa</em></span> <span class='ocrx_word' id='word_1_47' title='bbox 815 591 907 647; x_wconf 65' lang='lat' dir='ltr'><em>poterii</em></span> 
     </span>
     <span class='ocr_line' id='line_1_7' title="bbox 147 654 907 723; baseline 0.005 -21"><span class='ocrx_word' id='word_1_48' title='bbox 147 657 171 703; x_wconf 84' lang='lat' dir='ltr'><em>in</em></span> <span class='ocrx_word' id='word_1_49' title='bbox 186 665 250 721; x_wconf 89' lang='lat' dir='ltr'><em>caput</em></span> <span class='ocrx_word' id='word_1_50' title='bbox 263 656 347 722; x_wconf 80' lang='lat' dir='ltr'><em>confilii,</em></span> <span class='ocrx_word' id='word_1_51' title='bbox 364 659 386 705; x_wconf 86' lang='lat' dir='ltr'><em>in</em></span> <span class='ocrx_word' id='word_1_52' title='bbox 402 657 474 705; x_wconf 80' lang='lat' dir='ltr'><em>dacem</em></span> <span class='ocrx_word' id='word_1_53' title='bbox 491 655 606 703; x_wconf 85' lang='lat' dir='ltr'><em>incurrere.</em></span> <span class='ocrx_word' id='word_1_54' title='bbox 619 655 670 720; x_wconf 80' lang='lat' dir='ltr'><em>sse</em></span> <span class='ocrx_word' id='word_1_55' title='bbox 681 654 749 718; x_wconf 81' lang='lat' dir='ltr'><em>fimat</em></span> <span class='ocrx_word' id='word_1_56' title='bbox 765 672 822 704; x_wconf 87' lang='lat' dir='ltr'><em>eum</em></span> <span class='ocrx_word' id='word_1_57' title='bbox 837 658 907 723; x_wconf 84' lang='lat' dir='ltr'><em>gloria</em></span> 
     </span>
     <span class='ocr_line' id='line_1_8' title="bbox 147 730 909 797; baseline 0.004 -17"><span class='ocrx_word' id='word_1_58' title='bbox 147 734 181 780; x_wconf 86' lang='lat' dir='ltr'><em>rei</em></span> <span class='ocrx_word' id='word_1_59' title='bbox 194 731 257 797; x_wconf 82' lang='lat' dir='ltr'><em>gisia</em></span> <span class='ocrx_word' id='word_1_60' title='bbox 267 732 399 797; x_wconf 73' lang='lat' dir='ltr'><em>exstinxisset,</em></span> <span class='ocrx_word' id='word_1_61' title='bbox 417 741 466 780; x_wconf 91' lang='lat' dir='ltr'><em>tunc</em></span> <span class='ocrx_word' id='word_1_62' title='bbox 482 730 595 792; x_wconf 81' lang='lat' dir='ltr'><em>uiliorem,</em></span> <span class='ocrx_word' id='word_1_63' title='bbox 613 730 712 778; x_wconf 82' lang='lat' dir='ltr'><em>velutin</em></span> <span class='ocrx_word' id='word_1_64' title='bbox 729 741 798 796; x_wconf 90' lang='lat' dir='ltr'><em>capto</em></span> <span class='ocrx_word' id='word_1_65' title='bbox 811 735 909 782; x_wconf 68' lang='lat' dir='ltr'><em>eamden</em></span> 
     </span>
     <span class='ocr_line' id='line_1_9' title="bbox 148 806 910 876; baseline 0.005 -20"><span class='ocrx_word' id='word_1_66' title='bbox 148 809 299 873; x_wconf 76' lang='lat' dir='ltr'><em>dominantem,</em></span> <span class='ocrx_word' id='word_1_67' title='bbox 315 810 411 876; x_wconf 87' lang='lat' dir='ltr'><em>quicquid</em></span> <span class='ocrx_word' id='word_1_68' title='bbox 425 808 508 857; x_wconf 76' lang='lat' dir='ltr'><em>licuerit</em></span> <span class='ocrx_word' id='word_1_69' title='bbox 519 809 541 856; x_wconf 90' lang='lat' dir='ltr'><em>in</em></span> <span class='ocrx_word' id='word_1_70' title='bbox 552 806 652 874; x_wconf 82' lang='lat' dir='ltr'><em>magistro</em></span> <span class='ocrx_word' id='word_1_71' title='bbox 663 809 766 872; x_wconf 87' lang='lat' dir='ltr'><em>equitum,</em></span> <span class='ocrx_word' id='word_1_72' title='bbox 785 810 812 858; x_wconf 89' lang='lat' dir='ltr'><em>in</em></span> <span class='ocrx_word' id='word_1_73' title='bbox 829 811 910 860; x_wconf 54' lang='lat' dir='ltr'><em>militi*</em></span> 
     </span>
     <span class='ocr_line' id='line_1_10' title="bbox 148 884 908 952; baseline 0.004 -19"><span class='ocrx_word' id='word_1_74' title='bbox 148 884 187 934; x_wconf 86' lang='lat' dir='ltr'><em>bus</em></span> <span class='ocrx_word' id='word_1_75' title='bbox 197 889 304 952; x_wconf 79' lang='lat' dir='ltr'><em>aufiuum.</em></span> <span class='ocrx_word' id='word_1_76' title='bbox 339 887 431 936; x_wconf 79' lang='lat' dir='ltr'><em>Proinde</em></span> <span class='ocrx_word' id='word_1_77' title='bbox 438 884 528 948; x_wconf 71' lang='lat' dir='ltr'><em>adessent</em></span> <span class='ocrx_word' id='word_1_78' title='bbox 536 885 558 933; x_wconf 92' lang='lat' dir='ltr'><em>in</em></span> <span class='ocrx_word' id='word_1_79' title='bbox 564 886 605 948; x_wconf 88' lang='lat' dir='ltr'><em>sua</em></span> <span class='ocrx_word' id='word_1_80' title='bbox 615 884 676 949; x_wconf 82' lang='lat' dir='ltr'><em>causa</em></span> <span class='ocrx_word' id='word_1_81' title='bbox 685 885 785 932; x_wconf 82' lang='lat' dir='ltr'><em>emnium</em></span> <span class='ocrx_word' id='word_1_82' title='bbox 797 886 908 938; x_wconf 81' lang='lat' dir='ltr'><em>libertati.</em></span> 
     </span>
     <span class='ocr_line' id='line_1_11' title="bbox 150 957 907 1027; baseline -0.003 -19"><span class='ocrx_word' id='word_1_83' title='bbox 150 962 176 1010; x_wconf 84' lang='lat' dir='ltr'><em>Si</em></span> <span class='ocrx_word' id='word_1_84' title='bbox 190 964 305 1027; x_wconf 83' lang='lat' dir='ltr'><em>consenficm</em></span> <span class='ocrx_word' id='word_1_85' title='bbox 320 962 422 1011; x_wconf 77' lang='lat' dir='ltr'><em>exercitiis</em></span> <span class='ocrx_word' id='word_1_86' title='bbox 433 962 528 1023; x_wconf 86' lang='lat' dir='ltr'><em>eundem,</em></span> <span class='ocrx_word' id='word_1_87' title='bbox 544 961 579 1026; x_wconf 92' lang='lat' dir='ltr'><em>qui</em></span> <span class='ocrx_word' id='word_1_88' title='bbox 591 960 613 1008; x_wconf 89' lang='lat' dir='ltr'><em>in</em></span> <span class='ocrx_word' id='word_1_89' title='bbox 621 959 696 1024; x_wconf 74' lang='lat' dir='ltr'><em>probo</em></span> <span class='ocrx_word' id='word_1_90' title='bbox 701 957 787 1023; x_wconf 84' lang='lat' dir='ltr'><em>fuerit,</em></span> <span class='ocrx_word' id='word_1_91' title='bbox 808 962 833 1011; x_wconf 88' lang='lat' dir='ltr'><em>in</em></span> <span class='ocrx_word' id='word_1_92' title='bbox 843 972 907 1012; x_wconf 68' lang='lat' dir='ltr'><em>tucn-</em></span> 
     </span>
     <span class='ocr_line' id='line_1_12' title="bbox 150 1033 906 1103; baseline 0.005 -19"><span class='ocrx_word' id='word_1_93' title='bbox 150 1037 178 1084; x_wconf 91' lang='lat' dir='ltr'><em>da</em></span> <span class='ocrx_word' id='word_1_94' title='bbox 187 1038 279 1086; x_wconf 85' lang='lat' dir='ltr'><em>vilioria</em></span> <span class='ocrx_word' id='word_1_95' title='bbox 289 1039 373 1100; x_wconf 74' lang='lat' dir='ltr'><em>macae,</em></span> <span class='ocrx_word' id='word_1_96' title='bbox 391 1039 417 1088; x_wconf 75' lang='lat' dir='ltr'><em>dr</em></span> <span class='ocrx_word' id='word_1_97' title='bbox 423 1037 515 1103; x_wconf 87' lang='lat' dir='ltr'><em>salutem</em></span> <span class='ocrx_word' id='word_1_98' title='bbox 524 1037 584 1085; x_wconf 89' lang='lat' dir='ltr'><em>unius</em></span> <span class='ocrx_word' id='word_1_99' title='bbox 595 1033 687 1084; x_wconf 82' lang='lat' dir='ltr'><em>omnibus</em></span> <span class='ocrx_word' id='word_1_100' title='bbox 696 1049 753 1084; x_wconf 81' lang='lat' dir='ltr'><em>cure</em></span> <span class='ocrx_word' id='word_1_101' title='bbox 763 1037 807 1101; x_wconf 75' lang='lat' dir='ltr'><em>effe</em></span> <span class='ocrx_word' id='word_1_102' title='bbox 817 1055 825 1097; x_wconf 87' lang='lat'>;</span> <span class='ocrx_word' id='word_1_103' title='bbox 844 1039 906 1088; x_wconf 83' lang='lat' dir='ltr'><em>incli-</em></span> 
     </span>
     <span class='ocr_line' id='line_1_13' title="bbox 149 1112 909 1181; baseline 0.004 -21"><span class='ocrx_word' id='word_1_104' title='bbox 149 1122 252 1162; x_wconf 91' lang='lat' dir='ltr'><em>naturum</em></span> <span class='ocrx_word' id='word_1_105' title='bbox 268 1116 295 1163; x_wconf 87' lang='lat' dir='ltr'><em>ad</em></span> <span class='ocrx_word' id='word_1_106' title='bbox 308 1116 462 1164; x_wconf 88' lang='lat' dir='ltr'><em>clementiorem</em></span> <span class='ocrx_word' id='word_1_107' title='bbox 473 1113 602 1177; x_wconf 85' lang='lat' dir='ltr'><em>sententiam</em></span> <span class='ocrx_word' id='word_1_108' title='bbox 612 1112 715 1159; x_wconf 70' lang='lat' dir='ltr'><em>amotum.</em></span> <span class='ocrx_word' id='word_1_109' title='bbox 751 1113 870 1176; x_wconf 83' lang='lat' dir='ltr'><em>Postremi</em></span> <span class='ocrx_word' id='word_1_110' title='bbox 881 1117 909 1181; x_wconf 87' lang='lat' dir='ltr'><em>se</em></span> 
     </span>
     <span class='ocr_line' id='line_1_14' title="bbox 149 1190 878 1258; baseline 0.003 -19"><span class='ocrx_word' id='word_1_111' title='bbox 149 1192 223 1241; x_wconf 86' lang='lat' dir='ltr'><em>vitam</em></span> <span class='ocrx_word' id='word_1_112' title='bbox 237 1193 376 1258; x_wconf 75' lang='lat' dir='ltr'><em>fortunasque</em></span> <span class='ocrx_word' id='word_1_113' title='bbox 385 1193 437 1257; x_wconf 87' lang='lat' dir='ltr'><em>suas</em></span> <span class='ocrx_word' id='word_1_114' title='bbox 449 1191 531 1240; x_wconf 86' lang='lat' dir='ltr'><em>illorum</em></span> <span class='ocrx_word' id='word_1_115' title='bbox 537 1191 592 1253; x_wconf 80' lang='lat' dir='ltr'><em>fidei</em></span> <span class='ocrx_word' id='word_1_116' title='bbox 602 1190 721 1254; x_wconf 83' lang='lat' dir='ltr'><em>virtutique</em></span> <span class='ocrx_word' id='word_1_117' title='bbox 731 1193 878 1256; x_wconf 83' lang='lat' dir='ltr'><em>permittere.</em></span> 
     </span>
     <span class='ocr_line' id='line_1_15' title="bbox 185 1269 903 1331; baseline 0.006 -14"><span class='ocrx_word' id='word_1_118' title='bbox 185 1272 300 1317; x_wconf 84' lang='lat' dir='ltr'>XXXII.</span> <span class='ocrx_word' id='word_1_119' title='bbox 320 1272 444 1319; x_wconf 74' lang='lat' dir='ltr'><em>Clamore</em></span> <span class='ocrx_word' id='word_1_120' title='bbox 464 1279 517 1318; x_wconf 86' lang='lat' dir='ltr'><em>tota</em></span> <span class='ocrx_word' id='word_1_121' title='bbox 529 1269 648 1317; x_wconf 88' lang='lat' dir='ltr'><em>concione</em></span> <span class='ocrx_word' id='word_1_122' title='bbox 660 1278 737 1331; x_wconf 81' lang='lat' dir='ltr'><em>ortus,</em></span> <span class='ocrx_word' id='word_1_123' title='bbox 755 1269 794 1317; x_wconf 84' lang='lat' dir='ltr'><em>uti</em></span> <span class='ocrx_word' id='word_1_124' title='bbox 806 1271 903 1320; x_wconf 85' lang='lat' dir='ltr'><em>bonum</em></span> 
     </span>
     <span class='ocr_line' id='line_1_16' title="bbox 151 1343 903 1409; baseline 0.005 -18"><span class='ocrx_word' id='word_1_125' title='bbox 151 1346 261 1391; x_wconf 80' lang='lat' dir='ltr'><em>animum</em></span> <span class='ocrx_word' id='word_1_126' title='bbox 278 1345 392 1404; x_wconf 86' lang='lat' dir='ltr'><em>haberet;</em></span> <span class='ocrx_word' id='word_1_127' title='bbox 410 1345 533 1393; x_wconf 86' lang='lat' dir='ltr'><em>neminem</em></span> <span class='ocrx_word' id='word_1_128' title='bbox 545 1345 580 1392; x_wconf 85' lang='lat' dir='ltr'><em>illi</em></span> <span class='ocrx_word' id='word_1_129' title='bbox 598 1345 652 1392; x_wconf 84' lang='lat' dir='ltr'><em>vim</em></span> <span class='ocrx_word' id='word_1_130' title='bbox 665 1343 810 1409; x_wconf 83' lang='lat' dir='ltr'><em>allaturum,</em></span> <span class='ocrx_word' id='word_1_131' title='bbox 828 1345 903 1396; x_wconf 82' lang='lat' dir='ltr'><em>salvis</em></span> 
     </span>
     <span class='ocr_line' id='line_1_17' title="bbox 149 1418 900 1484; baseline 0.005 -17"><span class='ocrx_word' id='word_1_132' title='bbox 149 1418 287 1482; x_wconf 83' lang='lat' dir='ltr'><em>legionibus</em></span> <span class='ocrx_word' id='word_1_133' title='bbox 306 1421 431 1467; x_wconf 76' lang='lat' dir='ltr'><em>Romanii.</em></span> <span class='ocrx_word' id='word_1_134' title='bbox 467 1420 539 1468; x_wconf 86' lang='lat' dir='ltr'><em>Haud</em></span> <span class='ocrx_word' id='word_1_135' title='bbox 554 1420 633 1467; x_wconf 85' lang='lat' dir='ltr'><em>multo</em></span> <span class='ocrx_word' id='word_1_136' title='bbox 646 1419 699 1484; x_wconf 86' lang='lat' dir='ltr'><em>post</em></span> <span class='ocrx_word' id='word_1_137' title='bbox 706 1419 900 1471; x_wconf 65' lang='lat' dir='ltr'><em>distatoradve-</em></span> 
     </span>
     <span class='ocr_line' id='line_1_18' title="bbox 149 1493 900 1559; baseline 0.007 -16"><span class='ocrx_word' id='word_1_138' title='bbox 149 1506 203 1544; x_wconf 85' lang='lat' dir='ltr'><em>mt:</em></span> <span class='ocrx_word' id='word_1_139' title='bbox 221 1494 364 1558; x_wconf 82' lang='lat' dir='ltr'><em>clafficoque</em></span> <span class='ocrx_word' id='word_1_140' title='bbox 384 1494 511 1559; x_wconf 78' lang='lat' dir='ltr'><em>extemplo</em></span> <span class='ocrx_word' id='word_1_141' title='bbox 530 1493 560 1541; x_wconf 86' lang='lat' dir='ltr'><em>ad</em></span> <span class='ocrx_word' id='word_1_142' title='bbox 581 1496 729 1543; x_wconf 87' lang='lat' dir='ltr'><em>concionem</em></span> <span class='ocrx_word' id='word_1_143' title='bbox 750 1495 900 1549; x_wconf 76' lang='lat' dir='ltr'><em>advocavit.</em></span> 
     </span>
     <span class='ocr_line' id='line_1_19' title="bbox 150 1570 898 1636; baseline 0.001 -17"><span class='ocrx_word' id='word_1_144' title='bbox 150 1575 228 1632; x_wconf 86' lang='lat' dir='ltr'><em>Tum,</em></span> <span class='ocrx_word' id='word_1_145' title='bbox 246 1570 338 1618; x_wconf 82' lang='lat' dir='ltr'><em>filontio</em></span> <span class='ocrx_word' id='word_1_146' title='bbox 350 1570 423 1632; x_wconf 74' lang='lat' dir='ltr'><em>sano,</em></span> <span class='ocrx_word' id='word_1_147' title='bbox 442 1585 522 1636; x_wconf 81' lang='lat' dir='ltr'><em>praeco</em></span> <span class='ocrx_word' id='word_1_148' title='bbox 540 1574 574 1634; x_wconf 82' lang='lat' dir='ltr'><em>Q.</em></span> <span class='ocrx_word' id='word_1_149' title='bbox 587 1570 693 1619; x_wconf 85' lang='lat' dir='ltr'><em>Fabium</em></span> <span class='ocrx_word' id='word_1_150' title='bbox 710 1570 853 1635; x_wconf 81' lang='lat' dir='ltr'><em>magistrum</em></span> <span class='ocrx_word' id='word_1_151' title='bbox 871 1587 898 1620; x_wconf 85' lang='lat' dir='ltr'><em>e·</em></span> 
     </span>
     <span class='ocr_line' id='line_1_20' title="bbox 149 1647 898 1714; baseline 0.003 -18"><span class='ocrx_word' id='word_1_152' title='bbox 149 1648 245 1713; x_wconf 83' lang='lat' dir='ltr'><em>quitum</em></span> <span class='ocrx_word' id='word_1_153' title='bbox 255 1649 350 1696; x_wconf 82' lang='lat' dir='ltr'><em>citavit.</em></span> <span class='ocrx_word' id='word_1_154' title='bbox 369 1650 411 1714; x_wconf 87' lang='lat' dir='ltr'><em>qui</em></span> <span class='ocrx_word' id='word_1_155' title='bbox 422 1649 490 1697; x_wconf 79' lang='lat' dir='ltr'><em>finiul</em></span> <span class='ocrx_word' id='word_1_156' title='bbox 505 1661 537 1697; x_wconf 84' lang='lat' dir='ltr'><em>ex</em></span> <span class='ocrx_word' id='word_1_157' title='bbox 551 1647 667 1696; x_wconf 81' lang='lat' dir='ltr'><em>inferiore</em></span> <span class='ocrx_word' id='word_1_158' title='bbox 677 1649 735 1698; x_wconf 88' lang='lat' dir='ltr'><em>loco</em></span> <span class='ocrx_word' id='word_1_159' title='bbox 747 1648 778 1698; x_wconf 88' lang='lat' dir='ltr'><em>ad</em></span> <span class='ocrx_word' id='word_1_160' title='bbox 787 1649 898 1698; x_wconf 83' lang='lat' dir='ltr'><em>tribunal</em></span> 
     </span>
     <span class='ocr_line' id='line_1_21' title="bbox 148 1723 897 1791; baseline -0.003 -18"><span class='ocrx_word' id='word_1_161' title='bbox 148 1723 252 1786; x_wconf 74' lang='lat' dir='ltr'><em>accessit,</em></span> <span class='ocrx_word' id='word_1_162' title='bbox 270 1735 323 1773; x_wconf 89' lang='lat' dir='ltr'><em>tum</em></span> <span class='ocrx_word' id='word_1_163' title='bbox 342 1725 453 1786; x_wconf 74' lang='lat' dir='ltr'><em>diiiator,</em></span> <span class='ocrx_word' id='word_1_164' title='bbox 478 1730 562 1791; x_wconf 65' lang='lat' dir='ltr'><em>Qum,</em></span> <span class='ocrx_word' id='word_1_165' title='bbox 579 1725 667 1787; x_wconf 82' lang='lat' dir='ltr'><em>inquit,</em></span> <span class='ocrx_word' id='word_1_166' title='bbox 684 1724 710 1770; x_wconf 87' lang='lat' dir='ltr'><em>de</em></span> <span class='ocrx_word' id='word_1_167' title='bbox 729 1731 759 1786; x_wconf 87' lang='lat' dir='ltr'><em>te,</em></span> <span class='ocrx_word' id='word_1_168' title='bbox 778 1726 812 1787; x_wconf 71' lang='lat'><em>2:</em></span> <span class='ocrx_word' id='word_1_169' title='bbox 833 1723 897 1786; x_wconf 84' lang='lat' dir='ltr'><em>Fabi,</em></span> 
     </span>
     <span class='ocr_line' id='line_1_22' title="bbox 148 1800 894 1868; baseline 0.001 -22"><span class='ocrx_word' id='word_1_170' title='bbox 148 1817 212 1865; x_wconf 86' lang='lat' dir='ltr'><em>quum</em></span> <span class='ocrx_word' id='word_1_171' title='bbox 221 1803 326 1861; x_wconf 77' lang='lat' dir='ltr'><em>sommum</em></span> <span class='ocrx_word' id='word_1_172' title='bbox 338 1803 452 1868; x_wconf 84' lang='lat' dir='ltr'><em>imperium</em></span> <span class='ocrx_word' id='word_1_173' title='bbox 470 1801 578 1850; x_wconf 80' lang='lat' dir='ltr'><em>diiiatoris</em></span> <span class='ocrx_word' id='word_1_174' title='bbox 589 1800 626 1864; x_wconf 83' lang='lat' dir='ltr'><em>fit,</em></span> <span class='ocrx_word' id='word_1_175' title='bbox 641 1809 773 1865; x_wconf 88' lang='lat' dir='ltr'><em>pareantque</em></span> <span class='ocrx_word' id='word_1_176' title='bbox 784 1800 805 1848; x_wconf 87' lang='lat' dir='ltr'><em>ei</em></span> <span class='ocrx_word' id='word_1_177' title='bbox 824 1803 894 1866; x_wconf 80' lang='lat' dir='ltr'><em>consc-</em></span> 
     </span>
     <span class='ocr_line' id='line_1_23' title="bbox 148 1877 896 1945; baseline 0.004 -21"><span class='ocrx_word' id='word_1_178' title='bbox 148 1877 185 1938; x_wconf 81' lang='lat' dir='ltr'><em>ios,</em></span> <span class='ocrx_word' id='word_1_179' title='bbox 204 1881 264 1943; x_wconf 87' lang='lat' dir='ltr'><em>regia</em></span> <span class='ocrx_word' id='word_1_180' title='bbox 271 1879 372 1943; x_wconf 71' lang='lat' dir='ltr'><em>poteslas,</em></span> <span class='ocrx_word' id='word_1_181' title='bbox 386 1884 486 1944; x_wconf 81' lang='lat' dir='ltr'><em>pretores</em></span> <span class='ocrx_word' id='word_1_182' title='bbox 496 1879 569 1945; x_wconf 76' lang='lat' dir='ltr'><em>iisdem</em></span> <span class='ocrx_word' id='word_1_183' title='bbox 580 1879 686 1944; x_wconf 83' lang='lat' dir='ltr'><em>auspiciis,</em></span> <span class='ocrx_word' id='word_1_184' title='bbox 703 1877 777 1943; x_wconf 88' lang='lat' dir='ltr'><em>quibus</em></span> <span class='ocrx_word' id='word_1_185' title='bbox 796 1879 896 1943; x_wconf 85' lang='lat' dir='ltr'><em>consides,</em></span> 
     </span>
     <span class='ocr_line' id='line_1_24' title="bbox 148 1953 896 2019; baseline 0.008 -22"><span class='ocrx_word' id='word_1_186' title='bbox 148 1954 231 2013; x_wconf 84' lang='lat' dir='ltr'><em>creati;</em></span> <span class='ocrx_word' id='word_1_187' title='bbox 249 1971 327 2019; x_wconf 80' lang='lat' dir='ltr'><em>equum</em></span> <span class='ocrx_word' id='word_1_188' title='bbox 339 1957 429 2019; x_wconf 91' lang='lat' dir='ltr'><em>censeas,</em></span> <span class='ocrx_word' id='word_1_189' title='bbox 446 1971 516 2016; x_wconf 87' lang='lat' dir='ltr'><em>necne,</em></span> <span class='ocrx_word' id='word_1_190' title='bbox 534 1953 659 2019; x_wconf 78' lang='lat' dir='ltr'><em>magistrum</em></span> <span class='ocrx_word' id='word_1_191' title='bbox 676 1953 767 2018; x_wconf 87' lang='lat' dir='ltr'><em>equitum</em></span> <span class='ocrx_word' id='word_1_192' title='bbox 784 1953 842 2002; x_wconf 75' lang='lat' dir='ltr'><em>ditio</em></span> <span class='ocrx_word' id='word_1_193' title='bbox 857 1972 896 2003; x_wconf 92' lang='lat' dir='ltr'><em>au·</em></span> 
     </span>
     <span class='ocr_line' id='line_1_25' title="bbox 147 2029 897 2098; baseline 0.008 -23"><span class='ocrx_word' id='word_1_194' title='bbox 147 2029 239 2077; x_wconf 87' lang='lat' dir='ltr'><em>dientem</em></span> <span class='ocrx_word' id='word_1_195' title='bbox 251 2031 311 2095; x_wconf 76' lang='lat' dir='ltr'><em>effe?</em></span> <span class='ocrx_word' id='word_1_196' title='bbox 346 2035 443 2098; x_wconf 85' lang='lat' dir='ltr'><em>Itemque</em></span> <span class='ocrx_word' id='word_1_197' title='bbox 451 2033 503 2080; x_wconf 87' lang='lat' dir='ltr'><em>illud</em></span> <span class='ocrx_word' id='word_1_198' title='bbox 512 2035 625 2097; x_wconf 88' lang='lat' dir='ltr'><em>interrogo,</em></span> <span class='ocrx_word' id='word_1_199' title='bbox 642 2047 704 2097; x_wconf 86' lang='lat' dir='ltr'><em>quum</em></span> <span class='ocrx_word' id='word_1_200' title='bbox 715 2047 751 2078; x_wconf 92' lang='lat' dir='ltr'><em>me</em></span> <span class='ocrx_word' id='word_1_201' title='bbox 759 2031 848 2081; x_wconf 83' lang='lat' dir='ltr'><em>incertis</em></span> <span class='ocrx_word' id='word_1_202' title='bbox 857 2049 897 2080; x_wconf 87' lang='lat' dir='ltr'><em>au·</em></span> 
     </span>
     <span class='ocr_line' id='line_1_26' title="bbox 141 2105 898 2175; baseline 0.004 -22"><span class='ocrx_word' id='word_1_203' title='bbox 141 2107 218 2170; x_wconf 84' lang='lat' dir='ltr'><em>spiciis</em></span> <span class='ocrx_word' id='word_1_204' title='bbox 227 2108 349 2171; x_wconf 64' lang='lat' dir='ltr'><em>profetiam</em></span> <span class='ocrx_word' id='word_1_205' title='bbox 364 2107 389 2156; x_wconf 93' lang='lat' dir='ltr'><em>ab</em></span> <span class='ocrx_word' id='word_1_206' title='bbox 401 2110 460 2157; x_wconf 90' lang='lat' dir='ltr'><em>domo</em></span> <span class='ocrx_word' id='word_1_207' title='bbox 466 2111 552 2172; x_wconf 87' lang='lat' dir='ltr'><em>scirem,</em></span> <span class='ocrx_word' id='word_1_208' title='bbox 570 2113 643 2157; x_wconf 83' lang='lat' dir='ltr'><em>utrim</em></span> <span class='ocrx_word' id='word_1_209' title='bbox 654 2107 706 2155; x_wconf 87' lang='lat' dir='ltr'><em>mibi</em></span> <span class='ocrx_word' id='word_1_210' title='bbox 718 2105 810 2156; x_wconf 86' lang='lat' dir='ltr'><em>turbatis</em></span> <span class='ocrx_word' id='word_1_211' title='bbox 820 2109 898 2175; x_wconf 81' lang='lat' dir='ltr'><em>religi·</em></span> 
     </span>
     <span class='ocr_line' id='line_1_27' title="bbox 145 2181 898 2252; baseline 0.005 -22"><span class='ocrx_word' id='word_1_212' title='bbox 145 2181 217 2230; x_wconf 85' lang='lat' dir='ltr'><em>onibus</em></span> <span class='ocrx_word' id='word_1_213' title='bbox 228 2183 342 2248; x_wconf 82' lang='lat' dir='ltr'><em>respublica</em></span> <span class='ocrx_word' id='word_1_214' title='bbox 353 2186 375 2231; x_wconf 89' lang='lat' dir='ltr'><em>in</em></span> <span class='ocrx_word' id='word_1_215' title='bbox 388 2185 499 2249; x_wconf 77' lang='lat' dir='ltr'><em>discrimen</em></span> <span class='ocrx_word' id='word_1_216' title='bbox 510 2186 659 2234; x_wconf 84' lang='lat' dir='ltr'><em>committenda</em></span> <span class='ocrx_word' id='word_1_217' title='bbox 664 2184 745 2248; x_wconf 88' lang='lat' dir='ltr'><em>fuerit,</em></span> <span class='ocrx_word' id='word_1_218' title='bbox 761 2201 791 2232; x_wconf 89' lang='lat' dir='ltr'><em>an</em></span> <span class='ocrx_word' id='word_1_219' title='bbox 800 2186 898 2252; x_wconf 77' lang='lat' dir='ltr'><em>auspicia</em></span> 
     </span>
     <span class='ocr_line' id='line_1_28' title="bbox 146 2262 898 2330; baseline 0.009 -25"><span class='ocrx_word' id='word_1_220' title='bbox 146 2262 269 2322; x_wconf 86' lang='lat' dir='ltr'><em>repetenda,</em></span> <span class='ocrx_word' id='word_1_221' title='bbox 286 2277 312 2307; x_wconf 87' lang='lat' dir='ltr'><em>ue</em></span> <span class='ocrx_word' id='word_1_222' title='bbox 330 2262 380 2324; x_wconf 88' lang='lat' dir='ltr'><em>quid</em></span> <span class='ocrx_word' id='word_1_223' title='bbox 395 2262 462 2310; x_wconf 87' lang='lat' dir='ltr'><em>dubiis</em></span> <span class='ocrx_word' id='word_1_224' title='bbox 479 2265 533 2311; x_wconf 85' lang='lat' dir='ltr'><em>Diis</em></span> <span class='ocrx_word' id='word_1_225' title='bbox 551 2267 658 2329; x_wconf 80' lang='lat' dir='ltr'><em>agerem?</em></span> <span class='ocrx_word' id='word_1_226' title='bbox 692 2263 763 2312; x_wconf 82' lang='lat' dir='ltr'><em>Simul</em></span> <span class='ocrx_word' id='word_1_227' title='bbox 777 2263 838 2325; x_wconf 86' lang='lat' dir='ltr'><em>illud,</em></span> <span class='ocrx_word' id='word_1_228' title='bbox 856 2280 898 2330; x_wconf 77' lang='lat' dir='ltr'><em>qua</em></span> 
     </span>
     <span class='ocr_line' id='line_1_29' title="bbox 145 2334 895 2406; baseline 0.011 -24"><span class='ocrx_word' id='word_1_229' title='bbox 145 2334 244 2383; x_wconf 79' lang='lat' dir='ltr'><em>dibintori</em></span> <span class='ocrx_word' id='word_1_230' title='bbox 260 2336 335 2401; x_wconf 88' lang='lat' dir='ltr'><em>religio</em></span> <span class='ocrx_word' id='word_1_231' title='bbox 352 2338 501 2401; x_wconf 81' lang='lat' dir='ltr'><em>impedimento</em></span> <span class='ocrx_word' id='word_1_232' title='bbox 517 2339 546 2386; x_wconf 86' lang='lat' dir='ltr'><em>ad</em></span> <span class='ocrx_word' id='word_1_233' title='bbox 561 2355 607 2388; x_wconf 87' lang='lat' dir='ltr'><em>rem</em></span> <span class='ocrx_word' id='word_1_234' title='bbox 615 2341 732 2406; x_wconf 81' lang='lat' dir='ltr'><em>gerendam</em></span> <span class='ocrx_word' id='word_1_235' title='bbox 741 2341 824 2404; x_wconf 86' lang='lat' dir='ltr'><em>fuerit,</em></span> <span class='ocrx_word' id='word_1_236' title='bbox 844 2358 895 2390; x_wconf 86' lang='lat' dir='ltr'><em>num</em></span> 
     </span>
     <span class='ocr_line' id='line_1_30' title="bbox 146 2408 897 2482; baseline 0.007 -22"><span class='ocrx_word' id='word_1_237' title='bbox 146 2412 173 2460; x_wconf 81' lang='lat' dir='ltr'><em>ed</em></span> <span class='ocrx_word' id='word_1_238' title='bbox 183 2408 285 2476; x_wconf 84' lang='lat' dir='ltr'><em>magister</em></span> <span class='ocrx_word' id='word_1_239' title='bbox 295 2411 473 2478; x_wconf 86' lang='lat' dir='ltr'><em>equitumsolutus</em></span> <span class='ocrx_word' id='word_1_240' title='bbox 485 2429 510 2462; x_wconf 90' lang='lat' dir='ltr'><em>ac</em></span> <span class='ocrx_word' id='word_1_241' title='bbox 526 2413 579 2463; x_wconf 89' lang='lat' dir='ltr'><em>liber</em></span> <span class='ocrx_word' id='word_1_242' title='bbox 586 2417 681 2481; x_wconf 75' lang='lat' dir='ltr'><em>potamii</em></span> <span class='ocrx_word' id='word_1_243' title='bbox 691 2415 751 2482; x_wconf 81' lang='lat' dir='ltr'><em>effe?</em></span> <span class='ocrx_word' id='word_1_244' title='bbox 786 2417 829 2464; x_wconf 86' lang='lat' dir='ltr'><em>Sed</em></span> <span class='ocrx_word' id='word_1_245' title='bbox 845 2416 897 2482; x_wconf 85' lang='lat' dir='ltr'><em>quil</em></span> 
     </span>
     <span class='ocr_line' id='line_1_31' title="bbox 145 2487 895 2558; baseline 0.009 -23"><span class='ocrx_word' id='word_1_246' title='bbox 145 2502 183 2553; x_wconf 83' lang='lat' dir='ltr'><em>ego</em></span> <span class='ocrx_word' id='word_1_247' title='bbox 203 2487 242 2536; x_wconf 87' lang='lat' dir='ltr'><em>bec</em></span> <span class='ocrx_word' id='word_1_248' title='bbox 253 2490 379 2556; x_wconf 81' lang='lat' dir='ltr'><em>interrogo?</em></span> <span class='ocrx_word' id='word_1_249' title='bbox 396 2507 467 2556; x_wconf 91' lang='lat' dir='ltr'><em>quum,</em></span> <span class='ocrx_word' id='word_1_250' title='bbox 479 2491 501 2556; x_wconf 82' lang='lat' dir='ltr'><em>fi</em></span> <span class='ocrx_word' id='word_1_251' title='bbox 512 2509 548 2558; x_wconf 87' lang='lat' dir='ltr'><em>ego</em></span> <span class='ocrx_word' id='word_1_252' title='bbox 564 2495 642 2540; x_wconf 86' lang='lat' dir='ltr'><em>tacitus</em></span> <span class='ocrx_word' id='word_1_253' title='bbox 652 2491 745 2558; x_wconf 80' lang='lat' dir='ltr'><em>abiffem,</em></span> <span class='ocrx_word' id='word_1_254' title='bbox 762 2500 838 2541; x_wconf 88' lang='lat' dir='ltr'><em>tamen</em></span> <span class='ocrx_word' id='word_1_255' title='bbox 854 2493 895 2542; x_wconf 83' lang='lat' dir='ltr'><em>tibi</em></span> 
     </span>
     <span class='ocr_line' id='line_1_32' title="bbox 145 2564 906 2636; baseline 0.011 -26"><span class='ocrx_word' id='word_1_256' title='bbox 145 2564 175 2610; x_wconf 89' lang='lat' dir='ltr'><em>ad</em></span> <span class='ocrx_word' id='word_1_257' title='bbox 184 2564 301 2614; x_wconf 85' lang='lat' dir='ltr'><em>voluntatis</em></span> <span class='ocrx_word' id='word_1_258' title='bbox 319 2567 516 2631; x_wconf 85' lang='lat' dir='ltr'><em>interpretationem</em></span> <span class='ocrx_word' id='word_1_259' title='bbox 534 2584 583 2617; x_wconf 84' lang='lat' dir='ltr'><em>mea</em></span> <span class='ocrx_word' id='word_1_260' title='bbox 603 2567 713 2634; x_wconf 83' lang='lat' dir='ltr'><em>dirigenda</em></span> <span class='ocrx_word' id='word_1_261' title='bbox 730 2575 769 2616; x_wconf 89' lang='lat' dir='ltr'><em>tua</em></span> <span class='ocrx_word' id='word_1_262' title='bbox 784 2569 906 2636; x_wconf 56' lang='lat' dir='ltr'><em>sententia</em></span> 
     </span>
     <span class='ocr_line' id='line_1_33' title="bbox 141 2634 922 2711; baseline 0.014 -26"><span class='ocrx_word' id='word_1_263' title='bbox 141 2641 223 2702; x_wconf 85' lang='lat' dir='ltr'><em>suerit.</em></span> <span class='ocrx_word' id='word_1_264' title='bbox 260 2642 320 2707; x_wconf 66' lang='lat' dir='ltr'><em>Quin</em></span> <span class='ocrx_word' id='word_1_265' title='bbox 341 2651 365 2690; x_wconf 93' lang='lat' dir='ltr'><em>tu</em></span> <span class='ocrx_word' id='word_1_266' title='bbox 386 2644 503 2708; x_wconf 76' lang='lat' dir='ltr'><em>respondes,</em></span> <span class='ocrx_word' id='word_1_267' title='bbox 520 2634 660 2709; x_wconf 80' lang='lat' dir='ltr'><em>vetuerimne,</em></span> <span class='ocrx_word' id='word_1_268' title='bbox 677 2654 699 2694; x_wconf 91' lang='lat' dir='ltr'><em>tc</em></span> <span class='ocrx_word' id='word_1_269' title='bbox 720 2645 832 2711; x_wconf 86' lang='lat' dir='ltr'><em>quicquam</em></span> <span class='ocrx_word' id='word_1_270' title='bbox 849 2651 894 2710; x_wconf 85' lang='lat' dir='ltr'><em>-rei,</em></span> <span class='ocrx_word' id='word_1_271' title='bbox 920 2641 922 2646; x_wconf 65' lang='grc'><strong>’</strong></span> 
     </span>
     <span class='ocr_line' id='line_1_34' title="bbox 144 2716 894 2788; baseline 0.013 -26"><span class='ocrx_word' id='word_1_272' title='bbox 144 2731 180 2763; x_wconf 90' lang='lat' dir='ltr'><em>me</em></span> <span class='ocrx_word' id='word_1_273' title='bbox 196 2716 287 2781; x_wconf 89' lang='lat' dir='ltr'><em>absente,</em></span> <span class='ocrx_word' id='word_1_274' title='bbox 311 2720 398 2784; x_wconf 43' lang='lat' dir='ltr'><em>agerer?</em></span> <span class='ocrx_word' id='word_1_275' title='bbox 432 2723 571 2784; x_wconf 82' lang='lat' dir='ltr'><em>vetuerimne,</em></span> <span class='ocrx_word' id='word_1_276' title='bbox 586 2722 649 2788; x_wconf 81' lang='lat' dir='ltr'><em>sgna</em></span> <span class='ocrx_word' id='word_1_277' title='bbox 664 2737 712 2770; x_wconf 89' lang='lat' dir='ltr'><em>cum</em></span> <span class='ocrx_word' id='word_1_278' title='bbox 733 2720 823 2782; x_wconf 77' lang='lat' dir='ltr'><em>hostibus</em></span> <span class='ocrx_word' id='word_1_279' title='bbox 845 2739 894 2773; x_wconf 85' lang='lat' dir='ltr'><em>con·</em></span> 
     </span>
     <span class='ocr_line' id='line_1_35' title="bbox 139 2794 896 2865; baseline 0.018 -26"><span class='ocrx_word' id='word_1_280' title='bbox 139 2794 229 2857; x_wconf 85' lang='lat' dir='ltr'><em>ferre?</em></span> <span class='ocrx_word' id='word_1_281' title='bbox 245 2811 283 2860; x_wconf 88' lang='lat' dir='ltr'><em>quo</em></span> <span class='ocrx_word' id='word_1_282' title='bbox 294 2804 317 2843; x_wconf 92' lang='lat' dir='ltr'><em>tu</em></span> <span class='ocrx_word' id='word_1_283' title='bbox 332 2796 421 2860; x_wconf 89' lang='lat' dir='ltr'><em>imperio</em></span> <span class='ocrx_word' id='word_1_284' title='bbox 431 2813 477 2845; x_wconf 90' lang='lat' dir='ltr'><em>meo</em></span> <span class='ocrx_word' id='word_1_285' title='bbox 482 2800 564 2865; x_wconf 84' lang='lat' dir='ltr'><em>spreto,</em></span> <span class='ocrx_word' id='word_1_286' title='bbox 581 2800 666 2848; x_wconf 89' lang='lat' dir='ltr'><em>incertis</em></span> <span class='ocrx_word' id='word_1_287' title='bbox 677 2800 784 2865; x_wconf 81' lang='lat' dir='ltr'><em>auspiciis,</em></span> <span class='ocrx_word' id='word_1_288' title='bbox 796 2800 896 2853; x_wconf 83' lang='lat' dir='ltr'><em>turbatis</em></span> 
     </span>
     <span class='ocr_line' id='line_1_36' title="bbox 143 2870 894 2944; baseline 0.017 -29"><span class='ocrx_word' id='word_1_289' title='bbox 143 2870 286 2935; x_wconf 83' lang='lat' dir='ltr'><em>religionibus,</em></span> <span class='ocrx_word' id='word_1_290' title='bbox 304 2874 406 2936; x_wconf 84' lang='lat' dir='ltr'><em>adversus</em></span> <span class='ocrx_word' id='word_1_291' title='bbox 425 2877 644 2940; x_wconf 54' lang='lat' dir='ltr'><em>morem’militorem,</em></span> <span class='ocrx_word' id='word_1_292' title='bbox 660 2877 833 2944; x_wconf 81' lang='lat' dir='ltr'><em>disciplinamque</em></span> <span class='ocrx_word' id='word_1_293' title='bbox 843 2895 894 2928; x_wconf 87' lang='lat' dir='ltr'><em>ma-</em></span> 
     </span>
     <span class='ocr_line' id='line_1_37' title="bbox 110 2941 896 3023; baseline 0.006 -23"><span class='ocrx_word' id='word_1_294' title='bbox 110 2972 129 3005; x_wconf 67' lang='lat'><strong>·</strong></span> <span class='ocrx_word' id='word_1_295' title='bbox 145 2941 217 3000; x_wconf 78' lang='lat' dir='ltr'><em>iorum</em></span> <span class='ocrx_word' id='word_1_296' title='bbox 228 2948 255 3000; x_wconf 76' lang='lat' dir='ltr'><em>dr</em></span> <span class='ocrx_word' id='word_1_297' title='bbox 265 2964 341 3001; x_wconf 86' lang='lat' dir='ltr'><em>numen</em></span> <span class='ocrx_word' id='word_1_298' title='bbox 351 2950 458 3016; x_wconf 87' lang='lat' dir='ltr'><em>Deorum,</em></span> <span class='ocrx_word' id='word_1_299' title='bbox 474 2953 535 3023; x_wconf 76' lang='lat' dir='ltr'><em>austes</em></span> <span class='ocrx_word' id='word_1_300' title='bbox 542 2969 567 3004; x_wconf 85' lang='lat' dir='ltr'><em>es</em></span> <span class='ocrx_word' id='word_1_301' title='bbox 577 2967 625 3008; x_wconf 87' lang='lat' dir='ltr'><em>cum</em></span> <span class='ocrx_word' id='word_1_302' title='bbox 635 2951 690 3018; x_wconf 81' lang='lat' dir='ltr'><em>laste</em></span> <span class='ocrx_word' id='word_1_303' title='bbox 703 2953 824 3022; x_wconf 74' lang='lat' dir='ltr'><em>confligere.</em></span> <span class='ocrx_word' id='word_1_304' title='bbox 851 2957 896 3004; x_wconf 77' lang='lat' dir='ltr'><em>At</em></span> 
     </span>
     <span class='ocr_line' id='line_1_38' title="bbox 839 3031 892 3100; baseline 0 0"><span class='ocrx_word' id='word_1_305' title='bbox 839 3031 892 3100; x_wconf 60' lang='grc' dir='ltr'><em>Μ,</em></span> 
     </span>
    </p>
   </div>
   <div class='ocr_carea' id='block_1_2' title="bbox 0 0 988 3660">
    <p class='ocr_par' dir='ltr' id='par_1_2' title="bbox 0 0 988 3660">
     <span class='ocr_line' id='line_1_39' title="bbox 0 0 988 3660; baseline 0 0"><span class='ocrx_word' id='word_1_306' title='bbox 0 0 988 3660; x_wconf 95' lang='lat' dir='ltr'><em> </em></span> 
     </span>
    </p>
   </div>
  </div>
 </body>
</html>
