1964 3660
364 187 534 238 ursan
568 191 646 240 v111.
813 202 861 252 45,

114 276 257 328 Exanimatl
268 290 355 327 omnes
365 287 417 326 tam
427 278 507 327 atroci
518 278 634 344 imperio,
651 290 697 329 nee
707 276 779 328 aliter
789 285 864 346 quim

116 356 143 404 in
154 355 178 403 ie
194 355 296 420 quisque
313 354 446 404 destritiam
458 362 586 406 cernentes-
600 355 714 422 securim,
730 366 798 407 metu
809 372 863 407 ma·

116 432 162 494 gis,
180 437 253 496 quam
270 430 395 494 modestia,
413 432 540 498 quievere.
574 436 671 502 Itaque,
688 435 759 484 velut
770 435 865 486 emerso

115 509 149 558 ab
160 508 322 558 admiratione
332 507 425 574 animo,
441 524 519 575 quum
531 509 626 561 liientio
637 512 714 564 defixi
732 511 865 573 lietilient3

116 588 224 651 repente,
241 582 368 651 postquam
384 580 483 636 cortice
499 587 560 636 'casa
575 586 643 637 fusus
661 589 694 640 eit
709 604 792 653 eruor,
809 592 883 639 tum‘

115 662 196 713 libero
208 663 339 727 conquestu
347 672 440 715 coortae
451 672 528 714 voces
539 663 604 727 sunt,
614 670 643 714 ut
653 680 732 731 neque
742 668 866 718 lamentis»

116 751 198 804 neque
215 739 426 790 exsecrationibus
444 741 603 808 par'ceretur:
627 742 757 809 spoliisque
778 754 864 794 conte·

116 816 182 866 tium
191 818 399 889 juveniscorpus,
410 829 530 884 quantum
541 819 688 868 militaribus
699 818 782 869 studiis
790 820 867 872 funus

114 895 193 944 ulium
209 896 375 946 concelebrari
391 896 478 963 poteli,
495 895 584 946 strutio
602 906 674 945 extra
689 895 784 946 vallum
800 908 867 961 rogo

100 980 278 1033 cremaretur:
301 975 479 1040 Manlianaque
498 974 602 1041 imperia
621 988 672 1023 non
692 975 718 1022 in
737 972 865 1042 prasentia

115 1050 192 1101 modo
203 1051 334 1118 horrenda,
350 1051 393 1104 scd
403 1052 512 1120 exempli
524 1052 603 1103 etiam
613 1049 686 1103 tristis
704 1048 730 1100 in
741 1048 868 1117 posterum

117 1127 203 1178 eliens.

148 1205 223 1255 vm.
242 1205 313 1272 Fecit
335 1210 418 1256 tamen
434 1200 551 1256 atrocitas
570 1208 648 1274 pinne
670 1200 869 1267 obedientiorem

114 1280 303 1334 ductmttltem:
322 1284 356 1348 &,
372 1293 535 1352 praetetquam
546 1283 611 1350 quod
628 1279 743 1334 custodia
760 1281 867 1346 vigilite·

115 1358 164 1424 que
173 1358 200 1408 ἃ
210 1358 272 1411 ordo
280 1360 413 1412 stationum
422 1362 561 1413 intentioris
569 1362 662 1428 ubique
671 1376 735 1411 cura
743 1369 821 1424 erant,
838 1358 867 1411 in

114 1435 204 1486 ultimo
212 1437 287 1488 etiam
298 1441 442 1504 certamine,
460 1454 538 1507 quum
546 1432 689 1490 descensum
699 1438 814 1488 inaciem
823 1435 866 1494 eli,

114 1527 144 1564 ea
155 1513 272 1565 severitas
283 1515 387 1584 profuit.
422 1518 481 1568 Fuit
497 1528 579 1569 autem
591 1517 661 1568 civili
677 1517 787 1566 maxime
798 1513 868 1564 bello·

114 1598 198 1660 pugna
215 1593 307 1644 smilis.
324 1596 388 1645 adeo
406 1596 468 1645 nihil
488 1596 554 1662 apud
573 1596 677 1646 LatInos
693 1593 815 1644 diffonum
832 1591 867 1642 ab

114 1664 229 1733 Romana
240 1687 275 1735 re,
292 1682 380 1737 prater
390 1673 495 1734 animos,
513 1680 574 1720 etat.
611 1671 712 1734 clypeis
729 1678 801 1718 antea
812 1672 866 1720 Ro·

114 1749 182 1797 mani
194 1747 229 1797 uli
241 1746 310 1797 sunt:
322 1746 419 1811 deinde,
431 1748 560 1814 postquam
571 1744 721 1813 stipendiarii
732 1744 790 1810 tatii
800 1743 867 1817 sunt,

115 1824 184 1875 scuta
198 1839 245 1892 pro
256 1825 349 1891 clypeis
360 1825 458 1883 iecere:
477 1825 510 1889 Bt,
527 1825 596 1890 quod
607 1833 680 1874 antea
691 1824 826 1893 phalanges
834 1816 865 1872 li·

115 1894 186 1950 iniles
203 1902 380 1965 Macedonicis,
393 1903 447 1959 ¹hoc
458 1900 543 1969 postea
555 1900 725 1967 manipulatim
737 1898 824 1949 strutta
837 1915 865 1949 a·

115 1979 167 2028 cies
179 1979 252 2045 coepit
261 1972 316 2028 else.
334 1978 460 2028 Postremo
471 1979 497 2029 in
511 1977 593 2046 plures
607 1978 705 2028 ordines
713 1977 866 2028 instrueban-

116 2058 167 2103 tur.
184 2052 247 2111 ordo
263 2052 398 2118 sexagenos
413 2053 513 2125 milites,
530 2053 593 2104 duos
603 2054 766 2117 centuriones,
783 2052 867 2104 vexil-

115 2128 204 2181 larium
215 2145 294 2181 unum
307 2130 423 2180 habebat.
449 2132 529 2198 prima
540 2131 604 2181 acies
619 2128 707 2179 hastati
717 2140 795 2192 crant,
812 2143 866 2179 ma-

88 2244 92 2250 .
115 2206 195 2275 nlpuii
203 2207 353 2273 quindecim,
370 2207 485 2259 distantes
496 2210 560 2258 inter
570 2206 595 2258 se
606 2207 733 2257 modicum
742 2205 867 2275 ipatiurns

115 2286 255 2353 manipulus
270 2286 452 2336 levesvicenos
467 2287 567 2351 milites,
583 2287 656 2337 aliam
674 2286 774 2335 turbam
784 2283 866 2333 scuta-

115 2372 199 2412 torum
216 2362 331 2413 habebat.
348 2364 417 2413 leves
433 2375 528 2428 autem,
545 2365 588 2429 qui
601 2363 693 2413 hastam
705 2365 803 2412 tanturn
814 2374 864 2424 ει·

115 2438 191 2504 saque
202 2449 321 2502 gererent,
338 2440 502 2491 vocabantur.
535 2442 596 2489 Haec
608 2445 688 2507 prima
699 2438 802 2494 fronsln
811 2437 868 2507 acie

115 2512 204 2566 florem
221 2516 343 2578 juvenum
362 2512 548 2580 pubescentium
562 2513 594 2564 ad
612 2514 726 2563 militiam
745 2503 865 2563 habebat.
932 2538 936 2548 «

115 2591 251 2646 Robullior
259 2591 314 2643 inde
320 2603 376 2643 aetas
385 2589 489 2643 totidem
496 2591 688 2660 manipulonrm,
699 2591 787 2658 quibus
797 2590 865 2658 prin-

111 2669 213 2737 ,cipibus
222 2670 255 2719 est
263 2670 363 2734 nomen,
376 2670 421 2720 hos
433 2667 604 2734 sequebantur,
621 2669 709 2725 scutati
719 2684 813 2730 omnes,
825 2668 867 2724 io-

115 2742 224 2810 ssgnibus
240 2746 349 2803 maxime
358 2747 441 2797 annis.
467 2746 517 2796 hoc
528 2736 629 2809 triginta
641 2745 823 2811 manipulorum
836 2761 866 2794 a·

118 2836 193 2889 gmen
204 2825 356 2892 antepilanos
369 2822 533 2891 appellabant,
551 2824 610 2889 quia
621 2820 666 2873 sub
678 2823 748 2893 signis
757 2823 809 2885 jam
821 2821 867 2874 alli

116 2900 258 2971 quindecim
270 2899 367 2951 ordines
383 2899 544 2950 locabantur:
560 2913 593 2950 ex
610 2898 699 2964 quibus
710 2898 772 2948 ordo
788 2888 865 2948 unus-

114 2972 222 3067 'quisque
231 2989 282 3032 tres.
289 2988 371 3051 partes
382 2978 497 3036 habebat.
509 2990 595 3034 etnun
604 2976 866 3111 unamquamqupprg
