1964 3660
175 215 223 271 258,
441 213 478 263 Τ.
513 211 669 262 LIV11
744 210 747 217 ’

176 301 243 367 plebi
261 295 420 367 P'atribusque
438 305 532 366 gratior
549 302 605 351 fuit.
641 304 701 351 Non
715 298 806 351 diutius
824 301 925 370 fortune

176 378 264 442 AEquis
283 378 388 440 indulsit,
406 379 448 441 qui
466 379 610 443 ambiguam
629 377 760 429 vistoriam
775 380 932 430 Volscorum

176 467 223 519 pro
235 453 279 502 sua
290 456 402 520 amplexi
415 455 522 505 fuerant.

210 533 309 584 XLIII.
320 533 438 581 Proximo
447 548 512 581 auno
522 532 556 580 N.
567 530 645 581 Fabio
655 530 790 595 Vibulano,
798 534 832 579 T.
845 532 926 594 Quin·-

175 605 233 668 etto,
242 608 376 674 Capitolini
388 608 449 671 filio,
459 608 601 675 Capitolino
611 607 759 671 consulibus,
765 606 838 657 dudiu
846 608 926 672 Fabii,

174 682 217 731 cui
231 681 336 733 sorteea
346 685 478 752 provincia
494 694 619 747 evenerat,
636 684 699 733 nihil
715 683 818 747 dignum
829 699 926 733 memo-

175 770 231 810 ratu
242 759 332 810 adium.
350 777 426 827 quum
444 759 566 828 trepidam
577 765 673 810 tantum
685 758 837 810 ostendissem
848 762 927 811 aciem
938 767 947 774 ‘

174 837 259 903 AEqui,
277 838 342 905 turpi
353 838 413 902 sugit
423 837 569 900 funduntur,
587 834 654 887 haud
667 851 759 899 magno
768 835 875 900 consulis
883 836 925 885 de-

175 928 243 964 core.
269 915 353 980 itique
370 914 510 982 triunphus
526 923 638 978 negatur.
676 916 792 962 Ceterum
809 913 843 961 ob
863 918 927 964 Sem·

173 993 301 1059 pronianae
319 991 395 1050 cladis¹
412 993 520 1042 levatam
539 990 720 1056 ignominiam,
737 1001 766 1040 ut
787 1006 866 1040 ovans
883 1007 926 1040 ur-

174 1066 233 1118 bem
243 1070 352 1133 intraret,
371 1067 511 1120 concellum
522 1067 564 1117 est.
600 1064 819 1132 Quemadmodum
833 1068 926 1118 bellurn

174 1145 279 1207 minore,
297 1149 371 1209 quem
388 1145 531 1206 tImuerant‚
548 1141 708 1192 dimicatione
719 1155 771 1192 erat
783 1143 926 1210 pericstum,

174 1221 207 1282 iic
219 1221 245 1269 in
257 1220 326 1281 ,urbe
344 1233 377 1270 ex
388 1218 521 1285 tranquillo
537 1219 685 1284 necopinata
700 1221 777 1270 moles
792 1220 926 1270 discordia·

173 1298 306 1356 ruminter
319 1297 418 1365 plebem
435 1312 464 1346 ae
482 1299 565 1344 Patres
577 1305 665 1346 exorta
676 1296 718 1360 eli‘,
735 1309 815 1364 coepta
831 1297 864 1348 ab
881 1297 927 1349 du-

174 1372 297 1442 plicando
307 1373 452 1439 quaellomm
470 1386 583 1423 numero.
607 1387 681 1436 quam
698 1389 760 1437 rem,
777 1374 823 1437 (ut,
841 1385 928 1442 praeter

174 1448 240 1516 duos
251 1449 359 1500 urbanos
376 1448 511 1517 quaestores,
528 1447 579 1517 duo
591 1447 732 1498 consulibus
749 1449 780 1499 ad
793 1450 927 1504 ministeria

174 1523 232 1577 belli
244 1525 330 1592 prauo
342 1523 426 1589 effert)
442 1529 457 1574 d
474 1523 616 1575 consulibus
632 1523 742 1590 relatam,
758 1539 835 1589 quum
845 1525 870 1575 ἃ
880 1528 926 1575 Pa-

174 1611 223 1653 tres
235 1601 330 1666 summi
341 1618 389 1669 ope
398 1599 579 1673 apprqbiffeut,
594 1599 736 1655 consulibus
744 1602 927 1670 tribuniplebis

174 1691 299 1745 certamen
316 1680 460 1745 intulerunt,
472 1689 511 1730 ut
527 1695 582 1748 pars
593 1679 749 1746 ,quaeIlorum
767 1680 834 1744 (nam
850 1681 882 1731 ad
899 1677 926 1733 id

173 1766 273 1824 tempus
285 1758 383 1826 patricii
389 1759 472 1821 erecti
489 1760 567 1823 erant)
584 1772 617 1808 ex
630 1758 702 1825 plebe
715 1757 793 1811 fieret.
828 1758 927 1810 Adver-

174 1832 213 1887 sus
228 1850 304 1900 quarn
320 1835 445 1897 cilionem
457 1836 537 1903 primo
550 1835 576 1886 8<
593 1834 743 1903 consules&
760 1839 843 1901 Patres
859 1834 927 1887 sum·

134 1971 141 1982 Ι
173 1912 216 1979 md
227 1929 276 1981 ope
297 1913 455 1969 adnifisunt:
473 1904 739 1981 concedendodeiude,
755 1925 792 1979 ut,
809 1914 926 1981 quemad-

173 1989 277 2057 modum
293 1993 321 2043 iu
344 1992 449 2044 tribunis
465 1991 597 2052 ,consulari
617 1994 735 2062 potestate
760 1993 869 2045 creandis
890 1990 928 2045 ufi

173 2065 244 2134 sunt,
260 2068 361 2135 adaeque
380 2071 406 2120 in
422 2070 580 2137 quaestoribus
600 2071 704 2120 liberum
721 2068 778 2120 effer
797 2072 937 2131 arbitrium,

175 2146 273 2212 populi,
290 2162 369 2211 quum
384 2163 472 2214 pamm
487 2147 644 2216 proficerent,
669 2157 749 2198 totam
766 2164 817 2198 rem
835 2149 865 2198 de
882 2164 926 2199 au-

174 2221 257 2286 gendo
272 2223 531 2287 quaeliorumnumero
543 2225 671 2278 omittunt,
705 2226 842 2291 Excipiunt
851 2223 926 2288 omis·

174 2295 339 2359 (am-tribuni,
356 2300 458 2363 aliaeque
468 2297 577 2362 subinde,
595 2299 659 2347 inter
670 2314 729 2363 quas
740 2299 765 2348 ἃ
776 2303 877 2364 agrariae
891 2303 926 2365 le-

174 2373 220 2437 gis,
237 2371 356 2425 seditione
371 2375 477 2426 afflones
495 2375 624 2426 exsistunt:
642 2387 743 2443 propter
764 2393 829 2442 quos
842 2390 928 2430 motus

174 2464 252 2516 quum
271 2449 368 2501 senatus
380 2450 502 2521 consules,
519 2457 594 2518 quim
606 2452 728 2518 tribunos,
745 2456 822 2504 creari
833 2457 926 2522 mallet,

173 2541 254 2592 neque
265 2525 343 2594 pollet
353 2526 397 2597 p'cr
413 2529 592 2579 interceffiones
608 2529 751 2580 tribunicias
769 2531 925 2582 senatuscon-

174 2601 266 2659 sultum
286 2602 339 2654 fieri
347 2624 354 2664 ;
371 2603 508 2674 respublica
521 2610 537 2655 a
556 2604 695 2656 consulibus
707 2606 738 2656 ad
749 2608 926 2673 interregnum,

174 2694 256 2745 neque
266 2678 292 2730 id
312 2681 391 2748 ipsum
407 2685 475 2747 (nam
487 2680 554 2732 coire
573 2683 689 2750 patricios
704 2683 797 2743 tribuni
808 2685 926 2752 prohibe·

174 2755 245 2822 bant)
262 2755 310 2806 sine
323 2760 454 2808 certamine
473 2759 576 2824 ingenti,
594 2758 666 2809 redit.
703 2763 788 2824 Quum
806 2777 861 2827 pars
873 2777 924 2811 ma·

157 2846 162 2852 ·
172 2832 216 2901 jor
227 2833 375 2902 insequentis
383 2838 442 2888 anni
453 2853 497 2905 pet
507 2852 589 2887 novos
598 2837 710 2887 tribunos
721 2838 819 2905 plebi&
831 2838 926 2903 aliquot

97 2965 101 2973 Ι
176 2912 310 2977 interreges
338 2916 511 2980 certaminibus
532 2913 641 2965 extrada
659 2913 725 2978 effer,
747 2915 823 2966 modb
840 2914 926 2982 prohi-

86 3013 97 3029 ·
174 2987 291 3044 bentibus
310 2981 416 3065 tribunis¹
423 2995 541 3066 patricios
559 2995 630 3063 coire⁴
637 2992 669 3062 ad
683 2994 838 3065 prodendum
848 2994 924 3045 inter·
946 3010 950 3016 ·

615 3099 617 3103 s
806 3103 810 3111 -
830 3085 926 3141 regem,
