1964 3660
125 191 177 239 304
378 176 416 228 Τ.
451 173 473 223 L
487 173 504 223 *1
521 174 548 221 V
563 169 608 222 11

122 259 269 330 bominumque
286 265 354 314 nimia
366 266 409 329 sua
414 265 508 328 fortuna
523 261 636 328 populique
650 259 743 310 Romani
752 259 875 326 videram,

121 349 147 390 ut
156 356 204 389 eam
214 342 323 390 invidiam
334 340 407 403 lenire,
421 343 487 406 quim
498 338 587 387 minimo
592 340 632 402 suo
639 336 732 403 privato
742 338 875 387 incommode

121 415 251 482 publicoque,
259 417 338 484 populo
348 418 446 466 Romano
457 415 538 464 liceret.
562 417 760 472 Convertentem
771 416 796 478 se
807 414 873 484 inter·¹

124 490 188 540 hanc
201 493 394 555 venerationem,
411 490 516 540 traditur
526 491 660 553 memoriae,
677 488 821 556 prolapsum
832 503 874 541 ccv

123 564 220 617 cidisse:
239 567 314 633 idque
325 583 399 617 omen
407 565 546 634 pertinuisse
556 567 639 633 poster
646 576 737 616 eventu
748 580 801 614 rem
810 579 872 614 con·

121 640 268 706 jeiiantibus
280 644 360 696 visum
371 643 403 694 ad
416 643 601 695 damnationem
615 641 690 708 ipsius
704 641 811 703 Camilli,
829 640 871 690 ca-

124 729 173 787 ptae
184 718 272 769 deinde
290 722 359 771 urbis
376 723 501 782 Romanar,
520 717 588 784 quod
607 717 661 784 posi
672 731 765 784 paucos
780 714 874 767 accidit

124 811 211 860 annos,
228 796 333 848 cladem.
367 800 450 863 Atque
461 797 501 846 ille
510 795 634 845 diescaede
649 794 755 845 hostium
766 809 795 844 ac
807 793 872 844 dire·

124 871 211 942 ptionc
220 874 287 924 urbis
299 873 482 941 opulentissimae
493 873 526 938 esi
538 870 705 938 consumptus.
722 904 726 910 -
912 920 918 935 Ι

160 951 247 999 xxu.
265 950 363 1001 Possero
372 950 411 1000 die
425 949 500 1000 libera
510 964 615 1017 corpora
624 946 728 998 diiiator
739 945 785 996 sub
797 959 871 996 coro-
905 941 909 945 ’

125 1037 158 1073 na
178 1024 299 1075 vendidit.
317 1040 346 1074 ea
362 1024 416 1075 sola
432 1025 537 1093 pecunia
555 1024 582 1073 in
599 1023 724 1090 publicum
742 1021 907 1109 redigiturq

124 1099 389 1168 haudsrneiraplebis.
408 1101 508 1167 &quod
516 1100 619 1151 retulere
627 1099 710 1148 secum
718 1097 815 1166 praedae,
824 1111 871 1161 nec
889 1134 902 1171 ,⁸

124 1175 190 1238 duci,
208 1178 250 1241 qui
262 1177 291 1227 ad
303 1177 421 1241 senatum,
439 1178 597 1242 malignitatis
611 1175 719 1226 auiiores
729 1173 871 1240 querendo,
904 1175 912 1184 “

123 1266 177 1302 rem
187 1253 284 1303 arbitrii
300 1253 336 1304 sui
347 1252 478 1317 rejecissem
496 1269 541 1302 nec
550 1252 652 1317 senatui,
672 1252 712 1302 sed
721 1252 824 1302 Liciniae
832 1251 871 1301 sa-

123 1325 207 1389 miliar,
224 1343 257 1377 cx
271 1345 319 1394 qua
336 1329 399 1378 silius
416 1328 448 1380 ad
467 1326 579 1392 senatum
596 1329 719 1392 remliss'ct,
736 1337 873 1396 patentem

124 1401 251 1470 popularis
263 1401 388 1452 sententiar
397 1402 482 1453 audior
489 1403 578 1469 suisset,
587 1415 714 1471 acceptum
722 1403 873 1468 reserebant9

125 1480 212 1540 Quum
220 1478 272 1542 jam
283 1481 396 1530 humanae
407 1496 467 1547 opes
481 1481 565 1546 egestas
576 1475 670 1545 ivej'is
682 1480 763 1545 essent,
780 1480 869 1531 arnoli·

122 1554 145 1605 ri
160 1564 213 1605 tum
228 1558 310 1608 Deum
322 1557 386 1608 dona
398 1558 509 1626 ipsosque
520 1561 595 1623 Dens,
612 1557 656 1611 scd
665 1560 800 1610 colentium
815 1572 869 1621 mae

123 1633 170 1698 gis,
188 1639 261 1700 quim
279 1636 436 1704 rapientium,
453 1636 539 1702 modo,
556 1652 663 1706 coepete3
679 1652 786 1704 namque
803 1636 869 1693 dele·

126 1709 160 1777 lii
178 1724 209 1760 ex
221 1712 291 1762 omni
302 1714 413 1764 exercitu
426 1714 539 1779 juvenes,
557 1717 616 1781 pure
626 1713 700 1764 lautis
713 1714 868 1780 corporibus,

124 1787 229 1855 candidi
240 1791 313 1855 veste,
330 1791 418 1859 quibus
430 1790 580 1858 deportanda
589 1793 693 1840 Romam
704 1792 789 1856 regina
800 1792 816 1856 J
817 1806 873 1840 uno

121 1863 240 1938 aslignata
251 1879 311 1934 erat,
329 1866 498 1940 venerabundi
508 1867 628 1935 templum
639 1868 723 1931 iniere,
735 1868 816 1935 primo
827 1883 868 1918 rc·

72 1983 78 1990 .
122 1939 210 2005 ligiose
226 1945 387 1996 admoventes
403 1937 511 2011 munuszh
522 1943 589 2010 quod
605 1942 631 1994 id
647 1943 742 2010 signum
753 1959 822 1994 more
834 1946 872 1994 E·

122 2017 216 2084 trusco,
233 2022 277 2071 nisi
289 2033 360 2074 certae
379 2024 458 2089 gentis
475 2021 594 2085 sacerdos,
611 2021 737 2072 attreiiare
748 2038 798 2072 non
810 2022 870 2073 esset

123 2090 217 2144 solitus.
243 2096 299 2146 dein
311 2108 387 2166 quum
400 2098 508 2163 quidam,
526 2099 568 2146 seu
585 2097 672 2164 spiritu
683 2086 771 2149 disiiro
782 2097 872 2165 tai'sus,

123 2166 166 2220 scu
174 2170 288 2231 juvenali
302 2172 686 2237 joco,‚Vi'rreliomaerich1mo?
701 2172 806 2238 dixisset,
823 2191 869 2225 an-

121 2242 198 2293 nuisse
209 2248 285 2295 ceteri
294 2250 373 2310 Deam
384 2235 616 2296 conclamavenmt:
633 2246 690 2296 inde
700 2247 790 2300 sabuiae
800 2250 872 2314 adJe·

121 2317 188 2392 dium
200 2317 240 2382 eii,
258 2334 348 2369 vocem
361 2334 460 2388 quoque
471 2319 582 2389 dicentis,
594 2321 660 2386 Velle,
675 2323 797 2390 auditam.
814 2340 869 2376 tnn-

118 2394 172 2464 tim
191 2398 255 2444 certe
272 2394 328 2445 sede
345 2392 388 2464 sui
401 2396 476 2462 parvi
492 2396 631 2451 molimenti
650 2397 813 2465 adminiculis,
831 2402 869 2453 se·

119 2470 218 2539 quentis
234 2471 310 2527 modo
327 2473 470 2540 accepimus
484 2474 567 2524 levem
583 2491 613 2525 ac
632 2474 733 2526 facilem
750 2480 873 2532 transsatu.

116 2538 208 2603 suillo:
233 2547 402 2621 integramque
420 2549 445 2603 in
467 2553 629 2620 Aventinum,
652 2568 768 2607 aetemam
786 2559 868 2612 sedem

117 2621 201 2704 'suam
218 2632 267 2693 qud
278 2641 343 2685 vota
357 2631 465 2685 Romani
475 2629 598 2683 di'siatoris
609 2635 771 2698 voe'nverant,
788 2639 868 2706 perla-

122 2716 183 2769 tam,
208 2706 252 2756 ubi
264 2709 384 2776 templum
403 2709 426 2759 ci
444 2708 525 2777 postea
536 2708 610 2775 idem,
627 2715 670 2777 qui
684 2727 800 2780 voverat,
818 2721 866 2768 Ca·

110 2783 204 2839 =rnislus
214 2784 347 2836 dedicavit.
382 2789 431 2837 Hic
443 2788 565 2853 Vejotum
576 2788 676 2840 occasus
687 2784 742 2857 suit,
759 2795 826 2846 urbis
837 2810 867 2846 o·

120 2859 288 2936 pulentisiimae
299 2863 395 2917 Etrusci
406 2866 521 2935 nominis,
537 2867 734 2930 magnitudinem
744 2871 812 2922 suam
823 2872 870 2923 vel:

111 2927 209 3015 'ultimi
220 2937 288 3010 clade
307 2940 453 2997 indicantis:
473 2941 540 3015 quid
555 2943 644 2999 decern
656 2945 747 3001 aestates
760 2947 865 3000 idemes-

595 3035 599 3041 .
791 3049 794 3054 ,
813 3039 869 3094 qut
