1964 3660
159 227 208 286 ‘¹44
414 218 451 270 'I'-
483 219 510 271 vL
526 218 540 270 1
556 219 582 270 V
598 219 642 270 11

192 316 239 364 VI.
259 310 366 362 Comitia
377 310 433 360 inde
444 309 536 359 habita.
571 310 646 358 creati
657 301 766 358 consuler
777 307 808 357 L.
822 306 900 359 AEbu·

141 370 213 453 ¹tius,
232 393 259 439 P.
272 389 386 439 Servilius
398 387 511 435 Kalendis
531 386 670 448 Sextilibus,
687 395 715 434 ut
734 395 793 433 tunc
809 385 901 450 princi·

157 467 299 532 pium-anni
313 464 438 528 agebatur,
456 462 608 512 consulatum
620 463 714 509 ineunt.
741 463 826 509 Grave
837 471 900 510 tem·
965 502 969 511 ,

156 556 202 608 pus
213 542 239 591 ἃ
249 543 312 592 forte
323 554 399 590 annus
407 537 519 607 pestilens
533 547 585 586 erat
595 537 651 585 urbi
663 535 782 602 agrisque,
799 551 844 585 nec
853 538 900 586 ho·

92 645 99 653 κ
155 620 262 668 minibus
278 612 363 682 magii,
380 615 553 683 quam¹pccori
562 634 570 676 ς
588 615 613 664 &
632 626 724 663 auxere
740 615 795 662 viru
808 614 900 676 morbi,

155 706 247 746 terrore
259 695 426 763 populationis
437 691 567 760 pecoribus
580 689 759 754 agrestibusque
770 691 796 738 in
811 690 900 740 urbem'

154 773 268 837 acceptis.
303 774 339 821 Ea
355 770 466 819 colluvio
484 768 621 817 mixtorum
638 769 717 818 omnis
734 767 828 829 generis
844 769 898 816 ani:

154 847 275 894 mantium
286 845 312 894 ἃ
323 846 399 894 odore
411 843 510 893 insolito
523 843 638 912 urbanos,
655 842 681 891 &
696 842 820 905 agrestem,
838 858 898 893 con·

153 921 243 989 fertum
258 922 284 971 in
298 920 363 970 arlia
379 919 449 983 teila,
466 919 522 968 estu
538 933 567 968 ac
584 919 675 982 vigiliis
691 917 805 982 augebat,
822 920 897 968 mini·

152 997 272 1061 steriaque
283 999 309 1046 in
318 997 401 1063 viceni
411 1010 440 1044 ac
455 994 570 1057 contagio
577 994 629 1060 ipla
641 994 777 1058 vulgabant
786 995 898 1046 morbos.

153 1075 206 1123 Vix
217 1075 329 1124 instantes
348 1072 515 1122 sustinentibus
530 1069 609 1120 clades
629 1073 728 1137 repent&
741 1072 816 1135 legati
833 1073 896 1121 Her-

153 1139 340 1212 nici'nunciann
357 1152 383 1198 in
393 1164 454 1213 agro
466 1147 510 1209 suo
524 1149 618 1211 AEqu'os
629 1146 897 1211 VolscosqueconJ'un-

153 1222 196 1272 tus
212 1226 289 1291 copiis
304 1225 377 1274 castr‘a
391 1221 502 1292 posuiss'e.
536 1221 593 1271 inde
609 1222 720 1272 exercitu
731 1221 825 1287 ingenti
836 1222 897 1274 fines
928 1270 930 1274 .
975 1230 978 1243 ¹

153 1297 208 1349 suos
219 1297 371 1369 depopulari.
406 1299 570 1362 Praeterquam
586 1296 652 1362 quod
667 1296 807 1363 infrequens
813 1296 896 1346 ‚sena-

152 1383 191 1423 tus
207 1375 299 1425 indicio
319 1386 370 1424 erat
386 1373 465 1438 sociis,
482 1372 596 1423 afflictam
615 1373 743 1423 civitatem
761 1370 900 1440 pestilenti&

151 1449 206 1514 elle,
223 1453 334 1502 moellum
354 1453 429 1500 etiam
444 1451 615 1541 relponstun
605 1451 702 1500 tulere·
718 1458 742 1499 ut
756 1453 895 1517 per‘rse
855 1450 896 1516 ipfi
903 1471 904 1477 ¹

70 1554 74 1570 .
150 1527 241 1575 Hermu
249 1541 296 1575 cum
312 1528 397 1578 Latinis
413 1543 452 1576 res
457 1529 510 1592 sias
527 1515 657 1576 tutarentur
683 1523 765 1574 Urbem
775 1528 895 1576 Romanam
923 1536 926 1542 '

143 1603 217 1668 sulitd
227 1603 303 1652 Derim
313 1604 348 1655 ird
358 1620 405 1653 mor
405 1602 544 1669 bopopulari
565 1604 640 1668 Siqua
655 1603 701 1666 ejas
712 1601 764 1650 mali
776 1603 834 1667 quies
851 1616 892 1649 ve-

150 1681 205 1741 niat,
217 1685 372 1744 uenturam,
388 1681 507 1745 utsemper
516 1678 580 1742 alias,
591 1678 656 1745 sociis
666 1690 727 1744 opem
736 1678 824 1726 lauros.
836 1675 893 1726 Dis·

150 1753 237 1803 cellere
249 1754 317 1818 socii,
335 1773 381 1823 pro
401 1754 460 1821 tristi
476 1754 568 1803 nuncio
587 1754 716 1803 tristiorem
734 1752 836 1802 domurn
851 1766 890 1800 re·

149 1825 269 1890 serentes';
286 1831 376 1898 quippe
388 1830 475 1896 quibus
490 1843 533 1892 per
550 1826 573 1876 se
588 1828 750 1878 sustinendum
763 1827 854 1876 bellum
865 1842 891 1875 e·

148 1915 194 1968 rat,
206 1907 272 1971 quod
285 1909 331 1958 vix
348 1906 464 1958 Romanis
474 1905 531 1954 sulti
541 1905 635 1954 viribus
647 1902 813 1956 sustinuillent.
833 1905 892 1953 Non

148 1982 242 2033 diutius
253 1984 277 2033 se
288 1986 315 2033 in
326 1987 434 2034 Hernico
446 1983 518 2035 hostis
535 1981 666 2034 continuit.
699 1983 779 2050 pergit
790 1981 844 2047 inde
855 1981 892 2030 in·

147 2058 220 2109 festus
234 2063 260 2110 in
279 2077 350 2124 agros
362 2065 495 2123 Romanos,
513 2060 587 2110 ctiam
604 2059 652 2108 line
663 2052 721 2108 belli
737 2059 829 2121 injuria
845 2074 892 2108 va·
916 2100 919 2105 .

116 2132 118 2137 ⁴
146 2135 234 2201 statos„
263 2137 312 2186 Ubi
329 2144 406 2201 quum
422 2137 513 2186 obvius
532 2151 614 2197 nemo,
632 2151 663 2183 ne
674 2137 772 2187 inermis
784 2135 891 2200 quidem,

147 2211 224 2273 fieret,
242 2226 333 2276 perque
346 2211 437 2276 omnia,
455 2226 507 2261 non
518 2211 630 2276 praesidiis
644 2209 720 2258 modo
731 2211 831 2273 deserta,
849 2212 891 2262 sed
960 2249 963 2254 .

146 2286 221 2334 etiam
232 2288 299 2334 cultu
318 2287 412 2348 agresti,
432 2285 572 2345 mutirent3
589 2299 723 2352 pervenere
741 2286 772 2333 ad
788 2287 889 2336 tertium

145 2361 250 2427 lapidem
264 2361 362 2409 Gabini
373 2361 431 2428 νίὲ.ι
449 2364 563 2410 Mortuus
573 2361 685 2410 AEbutius
696 2370 749 2410 erat
762 2363 895 2411 Romanus

144 2437 239 2496 consul.
272 2438 401 2501 collega
380 2454 431 2503 ejus
443 2437 558 2487 servilius
569 2439 660 2502 exigua
673 2437 702 2486 in
719 2437 760 2504 spe
776 2439 889 2498 trahebat

143 2516 259 2577 animam.
268 2514 347 2565 affeili
356 2516 464 2583 plerique
476 2530 624 2582 pnncrpum,
631 2518 731 2564 Panum
739 2531 818 2576 maior
825 2533 888 2584 pars

119 2604 125 2616 ⁶
144 2593 255 2644 militans
264 2593 377 2644 fereaetas
385 2609 478 2645 omnis
488 2605 517 2641 ut
525 2609 576 2643 non
584 2592 661 2643 modo
670 2592 701 2642 ad
710 2594 889 2660 expeditiones,

144 2672 241 2735 quasin
255 2668 324 2720 tanto
335 2671 442 2719 tumultu
456 2685 491 2719 res
502 2670 626 2737 poscebat,
643 2670 682 2719 sed
694 2671 740 2720 vix
752 2670 782 2720 ad
793 2672 890 2736 quietas
967 2729 968 2732 Ἴ

143 2747 257 2797 stationes
268 2747 362 2797 viribus
373 2747 516 2798 sufficerent.
543 2751 634 2798 Munus
643 2749 783 2812 vigiliarum
792 2749 887 2798 senato·

206 2823 248 2890 qui
260 2839 305 2891 per
313 2835 407 2875 atatem
414 2841 444 2875 ac
452 2824 618 2876 valetudinem
627 2836 748 2893 poterant,
758 2840 801 2891 per
811 2825 835 2873 se
844 2825 887 2893 ipli

143 2838 181 2874 res

143 2862 392 2958 οἶρὁειῐπτιείωυίτὶο
403 2917 432 2950 ac
449 2915 507 2951 cura
517 2901 623 2951 aedilium
635 2903 714 2968 plebei
725 2912 784 2951 erat.
802 2901 833 2951 ad
844 2915 887 2950 eor

143 2971 239 3067 sm
246 2989 328 3057 ierim}
313 2978 485 3084 arnustus
494 2979 645 3057 consularis
637 2980 734 3049 iprperii
742 2988 884 3109 veiimik

313 3036 359 3117 ²0
497 3058 541 3113 ’Ἃ
755 3059 780 3108 V
