1964 3660
588 83 600 117 Ι

153 236 201 299 219
410 226 445 276 r.
480 227 637 278 urvrr

148 315 210 380 perio
220 313 328 379 confideri,
346 314 431 383 dignum
442 326 474 366 tot
490 316 626 382 consulatibus
636 316 747 382 audendis,
764 317 851 385 rignum
862 321 901 369 vi-

151 391 176 437 rd
186 392 250 453 omui,
264 392 329 456 plenos
337 393 436 442 honorum
441 393 618 462 sepegejlorum‚
624 396 702 460 sepius
713 397 846 444 meritorum.
862 399 918 452 As,

149 465 188 514 lios
199 468 287 533 confides
298 478 334 518 out
345 482 387 535 per
400 471 543 536 proditionem
554 470 665 538 diguitatis
676 475 770 522 Puteum
777 471 836 538 plebi
847 474 901 521 odeo-

149 543 211 606 ldtos,
229 539 267 595 noct
280 546 353 595 acerbe
363 549 437 598 tuendo
443 549 498 612 juro
508 547 587 597 redieris
598 549 725 615 asperiorem
736 551 836 599 domando
845 550 901 598 mul·

149 621 262 670 titudinem
267 624 343 690 feciffe
352 643 363 674 .·
379 629 408 674 Τ.
422 624 548 691 Quinilium
556 627 672 676 orationem
681 642 794 676 memorem
802 626 901 690 najesta-

149 699 296 763 deponerem,
319 703 466 770 comoedieque
483 704 588 767 ordiinum,
605 704 633 754 dr
651 713 769 770 temporum
784 705 806 752 in
820 704 905 769 primis

150 773 248 841 leduiffe.
266 781 335 829 Orare
346 797 394 830 eum
403 782 551 849 collegamque,
568 790 591 831 ut
599 780 725 847 capefferent
735 779 904 847 rempublicam:

150 852 319 920 noeentum,
337 865 361 906 ut
374 875 413 907 uno
421 859 491 906 ammo
502 874 548 906 oum
565 855 678 922 consedidut
689 855 764 906 bellum
777 855 803 905 ob
814 854 865 904 urle
875 868 903 904 ue

148 930 250 980 moenibus
258 934 382 1000 propulsum
398 935 486 997 vellent,
500 935 623 1000 plebemque
637 932 764 983 obedientem
775 933 798 982 in
814 947 838 981 re
854 940 902 980 tom

148 1010 234 1074 trepida
251 1012 352 1060 Patribus
368 1011 502 1078 preberent:
528 1011 635 1076 appellere
654 1010 746 1061 tribuous
768 1024 900 1059 communem

142 1085 254 1150 putrium,
272 1087 411 1152 auxiliumque
431 1102 501 1135 eorum
516 1086 639 1151 implorare,
657 1086 749 1149 vastatis
765 1087 832 1151 ogeis,
849 1085 901 1132 urie

145 1164 217 1224 propi·
227 1162 358 1226 oppugnati.
386 1160 511 1211 Consensu
522 1161 633 1209 omnium
644 1159 749 1210 delesius
761 1160 902 1211 decernitur

123 1237 126 1242 '
147 1234 311 1302 habeturque.
347 1240 433 1300 Quum
444 1235 555 1286 consules
566 1237 592 1283 in
605 1237 729 1301 concione
738 1235 901 1307 promuscidis·

148 1307 208 1373 sent,
227 1314 371 1378 Temperiem
387 1313 425 1379 effe
440 1314 512 1377 onustos
523 1311 666 1376 cognoscendo:
683 1326 754 1362 muner
756 1313 853 1376 juniores
858 1323 901 1380 po·

140 1384 244 1451 steoodie
255 1389 331 1454 poimd
345 1389 390 1436 luce
406 1389 429 1438 in
444 1399 518 1455 eoonpo
531 1388 623 1437 Martio
635 1386 741 1454 odeffent3
758 1391 901 1456 cognoscendis

85 1461 92 1473 '
146 1463 299 1530 (messenium,
315 1467 353 1532 qui
366 1466 451 1531 nomine
459 1483 499 1515 uon
514 1464 620 1532 dedhseut,
638 1465 690 1514 bello
697 1466 797 1532 perfetio
799 1468 826 1531 se
836 1469 902 1516 dotu-

146 1556 183 1592 tos
192 1551 276 1609 tempus
283 1562 290 1604 ;
304 1555 346 1615 pro
357 1543 461 1607 desertore
466 1545 577 1608 furmure,
595 1543 655 1608 cujus
667 1559 708 1593 nou
720 1541 838 1611 proldffeut
848 1559 900 1592 cuu-
949 1564 955 1576 ¹

140 1618 210 1682 som:
226 1622 307 1671 omnis
315 1621 435 1685 juventus
452 1620 532 1672 adsuit
550 1621 649 1689 postero
660 1621 710 1670 die.
735 1621 857 1672 cohortes
868 1621 925 1693 tin·

148 1696 175 1746 bi
186 1706 290 1764 quaeque
309 1701 469 1749 centuriones
474 1700 586 1764 legerunt
596 1716 607 1748 :-
619 1699 672 1750 bini
684 1698 806 1751 senatores
817 1698 900 1763 lingu-

147 1772 177 1824 lis
189 1776 334 1826 cohortibus
345 1776 478 1845 prepositi.
499 1780 562 1827 Haec
569 1777 655 1826 omnia
665 1776 728 1826 adeo
738 1779 832 1827 mature
843 1791 899 1842 per-

147 1837 208 1901 rina
219 1855 367 1921 accepimus,
384 1864 412 1903 ut
424 1854 499 1920 signa,
510 1868 541 1904 eo
553 1852 607 1920 ipso
619 1852 658 1903 die
669 1852 852 1919 rquaessoribus
862 1864 899 1904 ex

146 1930 234 1984 aerario
246 1943 360 2000 prompta
371 1926 500 1999 delataque
509 1933 536 1982 in
545 1946 669 2000 campum,
686 1932 773 1998 quarti
787 1930 836 1980 diei
850 1930 899 1980 hot

147 2006 175 2056 rit
186 2019 254 2059 mota
266 2026 299 2061 ex
308 2026 396 2080 campo
405 2011 465 2062 lint:
482 2009 653 2076 exercitusque
663 2025 753 2074 novus,
762 2010 846 2078 paucis
855 2007 900 2058 c'oss

145 2082 261 2140 hortibus
273 2100 387 2140 veterum
395 2091 502 2142 militum
513 2091 642 2142 voluntate
654 2087 816 2153 sequentibus,
828 2101 901 2136 matt·

40 2176 45 2188 ·
146 2160 205 2211 serit
222 2163 253 2211 ad
274 2164 398 2214 decimum
408 2165 527 2232 lapidem.
562 2163 693 2228 Insequens
705 2163 755 2212 dies
768 2164 861 2214 hostem
872 2165 900 2213 in

147 2237 305 2304 conspcsium
317 2241 391 2303 dedit,
409 2243 531 2305 castraque
541 2226 572 2288 ad
586 2241 736 2289 Corbionem
748 2241 827 2289 castris
842 2240 900 2291 sunt

146 2314 285 2375 conjmtta.
305 2318 395 2366 Tertio
404 2317 451 2381 die,
463 2332 540 2382 quum
551 2317 587 2366 ira
599 2319 732 2378 Romanos,
744 2317 807 2378 illos,
818 2332 897 2382 quum

146 2391 220 2440 toties
232 2391 389 2455 rebelldffcnt,
402 2394 550 2444 conscientia
562 2393 639 2460 eulpa
650 2409 679 2444 ac
690 2392 827 2461 desperatio
840 2396 897 2446 irri-

145 2475 215 2532 taret,
232 2484 303 2518 mora
314 2469 444 2520 dimicandi
456 2471 521 2520 nulla
532 2471 566 2520 est
577 2468 649 2520 sosia.

180 2547 265 2595 Lxx.
284 2549 313 2597 In
326 2549 437 2598 exercitu
455 2552 569 2610 Romano
583 2563 660 2614 quum
671 2549 722 2598 duo
738 2547 849 2599 consules
860 2547 897 2600 es·

147 2617 202 2671 sent
214 2623 333 2690 potestate
346 2625 414 2690 pari;
433 2625 499 2691 quod
512 2624 696 2698 saluberrimum
707 2627 733 2674 in
744 2625 896 2676 administra-

146 2699 217 2750 tione
228 2715 372 2765 magnarum
383 2707 466 2752 rerum
477 2703 518 2767 est,
536 2702 630 2753 summa
642 2704 746 2770 imperii,
764 2705 897 2755 conceden-

146 2774 171 2826 t'e
184 2779 303 2846 Agrippi,
320 2795 393 2847 penes
405 2780 525 2845 collegam
536 2791 602 2830 erat:
621 2782 646 2830 te
662 2783 774 2847 praelatus
785 2782 824 2832 ille
835 2783 895 2831 faci-

146 2855 211 2904 litati
229 2856 393 2908 submittcntis
413 2856 437 2907 se
457 2861 560 2908 comiter
571 2857 741 2926 respondebat,
759 2863 900 2910 communis

148 2932 227 2983 cando
240 2933 339 2985 consilia
351 2934 491 3002 laudesque,
501 2937 526 2986 ἃ
535 2935 653 3002 aequando
665 2937 784 3002 imparem
794 2937 846 2987 sibi.
865 2941 895 2988 In

147 3010 201 3073 acic
219 3010 349 3077 Quinfflus
368 3013 483 3068 dextrum
503 3028 589 3079 cornu,
607 3013 717 3080 Agrippa
728 3010 892 3129 sutistrumupp-

819 3093 836 3128 n
882 3092 897 3130 ἱ
