1964 3660
343 217 369 274 ι.
386 222 400 273 ι
416 223 435 273 n
451 221 472 273 n
489 222 512 274 ι
545 187 595 273 ιιι.
787 226 835 287 ιιι

88 307 225 399 superstitem
231 307 282 375 filie
286 308 387 376 futurum
392 311 465 378 sciffo,
481 313 521 378 ms
512 313 588 380 spem
603 310 719 377 uleifieade
728 301 803 362 mortis
813 329 837 362 e»

86 380 128 449 jus
137 388 160 436 in
170 388 246 437 auxilio
256 388 418 437 commilitonum
429 387 547 456 boboiffet.
568 388 607 437 Ill
599 403 638 453 esq
626 404 700 454 quoque
708 389 763 437 enim
768 389 838 453 filiae,
942 413 945 416 ·

88 462 180 523 sorores,
196 455 382 528 conjogefqueeffe
401 462 626 529 neocumfiliasualii
627 464 703 511 idiaem
715 465 764 529 Ap
775 463 839 517 Clau·

94 535 268 600 aliiexstiniiom
276 536 328 616 effe,
338 539 385 600 sed,
395 554 438 603 qao
454 539 577 603 impunitior
588 538 627 604 stt,
645 555 677 588 eo
684 555 695 587 e
712 539 840 589 remotiorem

89 610 152 674 fare.
187 609 267 659 Alieni
277 609 398 659 calamitate
406 611 554 661 documentum
570 613 640 662 datam
652 613 693 662 illis
703 615 800 663 cavenda
805 613 840 679 fi

95 685 173 733 meles
165 700 253 750 cooperte
276 686 329 752 qmd
338 686 367 734 ad
369 687 396 752 se
409 687 504 748 attineat,
521 704 605 736 uxorem
610 688 653 752 s
645 690 715 753 fato
725 700 839 756 ereptam

88 760 171 826 filiam,
187 763 235 828 quio
245 780 285 812 ma
292 763 350 813 altrei
357 763 436 829 podica
446 761 532 811 viliora
537 765 619 829 faerit,
634 768 741 830 miseram,
751 769 792 833 sed
801 768 840 818 la·

94 838 183 903 mesiam,
200 848 290 889 martem
300 839 416 908 occaluisse.
450 843 505 888 Non
515 839 553 905 eqle
564 841 616 904 jam
628 843 698 908 Appii
716 843 797 893 libidini
807 845 838 895 la·

93 930 141 970 curet
152 916 174 967 ire
184 916 297 981 lomosuo.
320 920 345 967 al
361 919 405 967 alia
417 910 519 976 violentia
530 911 574 982 ejus
589 918 689 982 eodem-fe
701 921 770 968 animo
775 923 841 986 suum

86 1005 167 1059 corpas
178 995 343 1059 vindicaturum,
353 1010 390 1061 quo
401 994 548 1043 vindicaverit
553 989 613 1057 filia.
649 995 719 1043 Ceteri
725 995 766 1059 fili
776 1013 800 1045 ae
811 997 839 1046 i·

94 1067 149 1121 heris
154 1072 201 1137 ficis
212 1072 345 1138 consulerent.
380 1075 439 1120 Haec
452 1071 568 1134 virginio
583 1062 730 1120 vociferanti
747 1063 839 1122 succlass

94 1146 179 1197 mabat
190 1147 331 1212 multitudo,
343 1139 384 1196 'nee
402 1147 541 1210 illiasdolori,
557 1148 642 1211 oecstea
656 1145 750 1198 libertati
759 1151 785 1215 fe
801 1150 839 1198 de·

88 1222 187 1286 futuros.
221 1226 253 1272 Et
270 1218 475 1277 immixt'iturbae
486 1217 593 1272 militum
602 1224 692 1286 togati,
709 1239 786 1288 quum
798 1241 840 1279 ea·.

93 1293 151 1349 dem
167 1301 209 1350 illa
228 1301 362 1367 querendo,
379 1294 549 1366 docendoque,
572 1312 666 1365 quanto
686 1301 747 1365 visa,
765 1308 839 1368 quam

93 1373 186 1442 audita,
202 1378 482 1447 indignioralpotuerint
496 1378 584 1442 videri,
601 1378 670 1427 simul
682 1381 839 1446 profligatam

91 1451 212 1518 jamnem
224 1454 364 1507 nunciando
378 1458 464 1507 Romae
476 1455 536 1516 effe;
547 1450 712 1520 insecutique,
730 1458 774 1522 qui
786 1462 839 1525 Ap·

10 1584 13 1589 >
94 1532 164 1599 pium
175 1538 251 1600 prope
263 1526 486 1600 vinteremp‘tum'in
503 1532 614 1602 exsilium
634 1533 707 1588 abisse
719 1535 838 1600 dicerent,

89 1610 262 1677 perpulerunt,
279 1624 307 1662 ut
323 1606 354 1662 ad
373 1623 441 1661 arina
452 1611 654 1672 conclamaretur,
671 1612 840 1679 vellerentque

94 1681 169 1750 signa,
187 1680 212 1737 tc
229 1691 335 1738 Romam
347 1686 572 1753 proficiscerentur.
606 1686 750 1736 Decemviri
768 1687 840 1739 simui

94 1761 141 1829 his,
158 1781 212 1831 quae
223 1767 348 1829 videbant,
366 1759 435 1815 simul
455 1765 499 1827 his,
517 1780 571 1829 quae
588 1763 641 1813 aeta
655 1767 742 1815 Romae
753 1766 839 1816 audie

90 1853 157 1906 rant,
174 1839 319 1909 perturbati,
329 1838 413 1894 ilius
407 1859 433 1891 m
452 1837 525 1891 eiiam
542 1852 637 1907 partem
648 1839 789 1906 castrorum,
805 1842 839 1896 ad

95 1917 214 1972 sedandos
232 1932 314 1971 motus
333 1916 490 1969 discurrunt:
508 1918 533 1967 ἃ
549 1918 636 1968 leniter
655 1920 783 1982 agentibus
800 1935 839 1968 re·

87 1997 211 2066 sponsum
222 1995 272 2049 non
284 1992 431 2047 redditur:
424 2009 556 2062 imperium
567 1993 584 2043 fi
600 1993 653 2060 quis
665 1995 793 2059 inhiberet,
810 1997 840 2048 lo·

94 2077 193 2128 viroso
212 2084 304 2126 armatos
314 2076 341 2140 se
356 2072 403 2142 effe,
420 2071 587 2140 respondetur.
621 2073 688 2122 Eunt
698 2074 795 2137 agmine
806 2070 840 2127 ad

94 2149 189 2216 urbem,
207 2153 232 2203 8:
250 2151 405 2202 Aventinum
415 2147 541 2210 insidunt;
557 2157 586 2196 ut
603 2143 705 2213 quisque
725 2165 837 2200 occurre·

90 2242 135 2280 rat
135 2230 250 2297 ,plebem
261 2231 292 2282 ad
304 2229 460 2298 repetendam
471 2225 609 2276 libertatem
621 2225 786 2293 creandosque
794 2229 838 2278 tri·

95 2306 176 2361 bunos
186 2304 263 2374 piebis
277 2303 442 2358 adhortantee.
464 2300 512 2354 alia
523 2317 577 2354 vox
595 2297 661 2354 uuila
672 2304 782 2354 violenta
793 2320 839 2355 au·.

94 2382 147 2432 dita
158 2381 199 2432 eii
234 2386 348 2435 Senatum
366 2390 406 2452 Sp
426 2383 521 2451 Oppius
534 2378 628 2433 habet:
646 2384 707 2433 nihil
719 2384 838 2451 placetu-

96 2452 164 2524 spere
174 2460 229 2523 agi;
246 2463 338 2527 quippe
349 2461 380 2510 ab
390 2460 446 2526 ipses
457 2460 541 2509 dotum
551 2461 634 2509 locum
643 2456 770 2509 seditionis
781 2457 838 2510 else.

95 2535 234 2586 Mittuntur
244 2531 376 2600 tresiegati
386 2537 532 2599 consulares,
549 2541 590 2602 Sp.
599 2535 735 2604 Tarpeius,
754 2541 783 2587 C.
792 2540 839 2602 Ju-

96 2612 151 2674 lius,
170 2615 197 2663 P.
210 2609 337 2679 sulpiciuc,
352 2612 396 2677 qui
411 2623 545 2676 qnaererent
556 2612 650 2663 senatis
661 2614 753 2676 verbis,
769 2615 840 2677 euJue

93 2691 160 2757 jussu
170 2692 244 2741 castra
255 2689 422 2741 deseruissent?
438 2690 481 2738 aut
491 2688 549 2754 quid
569 2690 613 2742 sbi
627 2687 727 2754 vellent,
745 2691 787 2756 qui
799 2706 842 2745 atq

92 2769 158 2820 'mati
177 2769 330 2818 Aventinum
349 2763 509 2818 obsedissent?
526 2766 639 2833 belloque
650 2767 737 2818 averso
749 2768 780 2816 ab
792 2768 843 2837 ¹³⁰3

97 2847 171 2896 siibus
192 2846 297 2913 patriam
314 2839 382 2893 suam
393 2838 522 2908 cepissent?
553 2841 615 2893 Non
625 2842 712 2907 desuit,
729 2841 788 2908 quid
799 2857 839 2893 re·

97 2919 273 2990 sponderetur:
291 2921 382 2985 deerat,
398 2920 441 2986 qui
460 2917 529 2969 daret
544 2917 694 2987 responsum,
710 2917 839 2971 nullodum

92 3012 166 3060 certo
177 3001 247 3072 duce,
262 3017 309 3059 nec
319 3000 376 3058 satit
386 2996 532 3056 autumus
546 2995 644 3066 initiis
652 2995 753 3052 incidite
762 2994 841 3130 pe
798 2990 839 3046 oi

774 3062 841 3136 ‘iffi
