1964 3660
166 241 201 292 μ
430 228 465 280 τ.
500 228 659 281 trvrr

163 316 244 385 primo
255 323 306 365 tam
317 327 389 364 novae
401 318 436 365 rei
448 334 476 366 ac
488 317 573 368 subitae
584 319 715 368 admiratio
724 317 854 370 incluserat
864 335 912 370 vo-

164 408 228 442 cem.
264 393 354 440 Dicere
380 393 468 442 deinde
486 395 649 462 incipientem
666 397 785 462 primores
805 399 913 448 civitatis

162 470 345 530 circumsistunt,
362 469 448 520 eadem
464 472 548 520 multis
559 474 672 538 precibus
686 467 767 522 orant.
798 476 824 524 u
835 480 910 529 ceteri

161 547 259 613 quidem
267 546 404 596 movebant
414 549 505 598 minus.
523 550 653 615 Postquam
665 555 707 616 Sp.
720 545 850 602 Lucretius
861 568 913 601 ma·

159 624 200 689 jor
211 634 280 672 aetate
291 638 319 670 ac
331 623 460 688 dignitate,
477 624 546 673 socer
557 636 674 691 praterea
687 626 767 693 ipsius,
784 643 855 693 agere
870 644 924 678 ναν

161 701 204 764 eie,
221 699 332 764 rogando
346 701 444 750 alternis
462 701 645 769 suadendoque,
663 705 747 770 coepit,
764 715 793 755 ut
807 707 875 754 vinci
888 705 913 755 sc

159 776 278 830 consensu
288 778 396 827 civitatis
405 789 541 845 pateretur;
559 781 647 829 timens
655 783 748 845 consul,
760 798 791 831 ne
800 784 912 851 postmo-

160 858 220 910 dum
232 858 331 925 privato
345 857 388 906 fibi
399 852 483 906 cadem
500 857 542 906 illa
559 873 615 906 cum
632 858 756 908 bonorum
775 860 910 925 amisione,

160 936 292 1001 additaque
302 936 349 985 alin
357 935 456 1001 insuper
466 935 610 998 ignominie,
622 937 768 1000 acciderent,
781 938 910 992 abdicavit

161 1014 186 1064 se
194 1013 338 1064 consulatu:
356 1010 474 1077 rebusque
484 1010 656 1062 suis‘o'muibus
668 1015 803 1063 Lavinium
812 1015 911 1065 transsa-

157 1092 198 1153 tis,
214 1090 316 1140 civitate
325 1088 399 1138 cellit.
434 1092 521 1135 Brutus
530 1102 563 1136 ex
572 1087 783 1137 senatusconsulto
792 1090 822 1139 ad
831 1106 911 1156 popu-

159 1171 211 1219 lum
225 1167 289 1228 tulit,
306 1175 334 1212 ut
351 1177 435 1214 ornnes
450 1163 593 1226 Tarquinia
610 1163 689 1226 gentis
702 1163 797 1213 exsules
816 1166 908 1216 essent:

159 1244 280 1307 collegam
289 1241 332 1290 fibi
344 1239 450 1289 comitiis
461 1239 601 1288 centuriatis
613 1240 707 1289 creavit
723 1243 751 1291 P.
771 1241 912 1308 Valetium,

160 1337 210 1388 quo
221 1320 332 1382 adjutore
344 1331 412 1380 reges
423 1316 537 1379 ejecerat.
631 1357 633 1362 .

189 1400 240 1448 111.
258 1401 342 1460 Quum
351 1393 415 1443 haud
427 1395 541 1459 cuiqnam
552 1394 578 1444 in
593 1393 670 1445 rlubio
682 1393 748 1459 ess‘et,
766 1396 859 1447 bellum
875 1397 908 1448 ab

157 1475 302 1542 Tarquiniis
320 1474 456 1536 imminere,
476 1472 504 1522 id
520 1473 619 1537 quidem
639 1472 681 1541 spe
701 1475 813 1524 omnium
832 1477 908 1527 scrius

158 1552 215 1605 suit.
243 1556 360 1614 ceterum,
375 1551 403 1600 -id
419 1549 485 1615 quod
501 1566 553 1600 non
572 1551 700 1614 timebant,
719 1568 763 1618 pet
781 1553 867 1603 dolum
878 1571 908 1604 ae

159 1628 520 1702 proelitlonempropelibertas
531 1628 668 1679 amiliaesl.
694 1632 771 1679 Erant
782 1631 807 1680 in
815 1634 908 1681 Roma-
973 1636 976 1641 “

158 1723 192 1759 na
199 1707 331 1771 juvennrte
342 1704 505 1755 adolescentes
515 1706 618 1772 aliquot,
635 1723 680 1756 nec
691 1708 709 1755 ii
721 1709 788 1757 tenui
800 1708 857 1758 loco
867 1725 908 1759 or-

157 1787 186 1852 ti,
202 1794 308 1852 quorum
319 1785 345 1832 in
355 1798 433 1847 regno
444 1783 522 1833 libido
533 1783 637 1834 solutior
648 1784 737 1847 fuerat,
755 1785 857 1850 aequules
868 1785 907 1836 so-

157 1863 269 1928 dalesque
279 1860 469 1913 adolescentium
478 1862 683 1927 Tarquiniorum,
695 1860 779 1911 affueti
789 1877 858 1912 more
869 1878 908 1910 re-

154 1944 198 2009 gio
208 1943 305 1992 vivere.
330 1941 392 1989 Eam
403 1950 465 2001 turn,
477 1950 572 2004 aequoto
579 1941 634 2002 jure
646 1940 767 2001 omnium,
780 1940 908 1991 licentiam

152 2031 296 2088 querentes,
313 2017 452 2067 libertatem
463 2017 568 2067 aliorum
576 2018 602 2067 in
611 2017 679 2067 suam
689 2017 787 2067 vertisse
796 2015 906 2067 servitu·

158 2108 210 2148 tem
221 2099 284 2146 inter
294 2094 319 2146 se
327 2095 548 2160 conquerebantur.
574 2098 655 2161 Regem
669 2093 828 2162 hominem-ff,
845 2099 911 2162 eique

157 2167 267 2240 impetres,
283 2175 317 2223 uri
327 2175 374 2236 jus,
390 2171 424 2221 ubi
435 2172 514 2236 injurio
525 2173 630 2237 opusfit:
647 2171 685 2237 effi·
691 2173 769 2238 gratie
779 2173 853 2236 Iocum,
870 2173 909 2239 effe

157 2249 268 2315 benefiei03
286 2252 313 2300 m
321 2250 382 2316 irasci
393 2250 420 2299 dr·
431 2249 534 2315 ignoscere
540 2248 611 2314 peffe:
627 2250 684 2297 inter
691 2248 856 2315 amicum'atque
865 2252 908 2300 ini-

157 2329 236 2377 micum
248 2328 358 2392 discrimen
368 2324 430 2393 niffi.
454 2328 522 2393 Leges
533 2327 680 2390 remfirdum,
696 2328 844 2376 inexorabilem
852 2327 904 2402 effe,

150 2403 291 2479 salubriorem
301 2403 445 2469 melioremque
455 2404 521 2467 inopi,
537 2406 602 2469 quim
619 2404 720 2468 potentie
736 2404 791 2452 nihil
801 2405 908 2456 laramer-

156 2480 387 2542 tinecvenieiaiere,
398 2479 421 2543 st
432 2480 514 2528 modum
525 2479 638 2546 excffris.
669 2480 812 2548 periculosum
823 2482 868 2550 ff,
885 2486 909 2535 ire

155 2569 187 2611 tot
202 2559 298 2610 iomanis
314 2558 418 2607 erroribus
427 2557 470 2621 soii
486 2558 602 2607 innocentii
613 2559 701 2608 vivere.
735 2563 782 2624 lta,
798 2561 850 2623 jam
866 2558 909 2614 sut

159 2636 246 2704 sponte
258 2636 327 2701 aegris
338 2637 434 2699 animis,
450 2634 523 2700 legati
533 2635 565 2684 ab
574 2635 673 2700 regibus
684 2635 871 2703 superveniunt,
880 2638 909 2688 fi-

156 2728 188 2764 nc
198 2713 324 2763 mentione
334 2711 425 2761 reditus
443 2711 510 2761 bona
520 2715 618 2760 tantum
629 2721 776 2779 repetentes.
813 2716 908 2765 Forum

156 2792 234 2842 verba
244 2790 370 2859 postquam
381 2791 407 2840 in
418 2790 503 2841 senatu
513 2789 596 2839 audita
608 2789 671 2854 sunt,
689 2806 734 2858 per
751 2791 847 2857 aliquot
857 2793 909 2843 dies

159 2884 188 2918 ea
199 2869 347 2920 consultatio
355 2866 449 2920 tenuit:
467 2884 558 2919 nenon
569 2869 672 2932 reddita,
681 2869 739 2918 belli
752 2869 836 2931 causa;
853 2871 909 2921 red·
942 2859 950 2865 ⁶

159 2942 218 3005 dita,
238 2944 295 2994 belli
305 2948 409 2996 materia
419 2947 446 2998 ἃ
456 2945 626 3010 adjumentum
637 2943 721 2993 essent.
756 2948 860 2995 Interim
872 2947 909 3012 le·
921 2977 924 2982 -

102 3019 104 3023 ’
159 3020 212 3087 goti
225 3019 268 3072 elii
286 3023 335 3073 alia
350 3023 545 3093 moliri-meite
557 3020 857 3090 mortemne-elam
870 3037 910 3069 re-

180 3134 184 3141 .
776 3097 909 3168 cuperandi
