1964 3660
377 178 602 235 LIBERI.
832 201 869 251 ³7

117 268 263 321 muniantur
273 268 325 334 regi
337 268 498 336 Patribusque
509 270 550 332 eli,
568 270 594 320 in
605 279 693 320 monte
704 269 803 323 Albano
809 273 870 341 lapi·

119 345 191 396 dibus
208 344 302 413 plnille,
338 345 414 409 Quod
425 361 502 412 quum
519 345 585 396 credi
600 348 646 397 vix
657 347 743 413 pollet,
754 350 827 400 miffit
839 351 882 403 ad'

119 421 145 473 id
156 421 285 473 visendum
297 421 446 490 prodigium,
457 423 484 472 in
493 421 632 490 conspeiiu,
643 423 708 473 haud
719 425 788 474 aliter
795 431 871 492 quam

93 530 97 536 -
119 512 195 562 quum
206 497 351 562 grandinem
359 499 428 548 venti
434 498 595 562 glomeratam
604 499 630 548 in
638 509 712 549 terras
720 512 804 565 agunt,
815 517 869 554 ere·

118 571 157 623 bri
167 572 277 623 cecidere
285 574 348 623 coelo
358 573 458 641 lapidee.
492 572 545 623 Vifi
556 575 631 624 etiam
639 575 722 625 audire
731 592 821 628 vocem
829 579 868 630 in·

116 660 216 715 gentem
227 665 260 700 ex
268 648 358 701 summi
374 650 508 701 cacuminis
522 651 588 712 luco,
604 660 633 699 ut
643 652 724 717 patrio
735 653 784 703 ritu
800 652 868 708 sacra

117 726 209 777 Albani
222 724 338 790 lacerent,
349 741 412 792 quae,
424 726 494 776 velut
502 725 556 774 Diis
567 740 666 790 quoque
677 726 745 777 fimul
754 743 810 780 cum
822 745 869 797 pa.

116 800 270 866 triareliiiis,
286 801 411 852 oblivioni
426 799 558 851 dederant:
579 801 604 850 ἃ
620 812 663 851 aut
673 805 786 853 Romana
801 802 868 858 sacra

116 877 277 945 susceperant,
290 889 342 943 aut,
356 879 513 941 fortunae,›ut
527 877 564 940 iit,
583 876 680 940 obirati,
701 879 795 931 cultum
810 881 868 932 reli.

107 954 221 1020 'querant
235 953 326 1002 Derim.
361 953 481 1003 Romanis
491 967 590 1017 quoque
602 950 633 1001 ab
645 951 733 1001 eodem
749 955 867 1022 prodigio

117 1027 264 1081 novendiale
274 1027 370 1079 sacrum
378 1029 477 1096 publice
487 1020 625 1094 susceptum
636 1027 683 1076 est:
696 1027 737 1077 seu
746 1045 810 1080 voce
818 1048 866 1083 eor·

117 1104 209 1155 lelli.ex
217 1105 315 1157 Albano
333 1114 420 1156 monte
429 1104 509 1167 missi,
527 1104 595 1166 (nam
607 1103 632 1153 id
644 1118 742 1170 quoque
754 1107 867 1170 traditor>

117 1181 309 1247 seuanrspicum
317 1183 424 1232 monitu.
444 1181 600 1231 manfitcertd
617 1180 723 1245 solenne,
735 1193 771 1246 ut,
788 1199 866 1249 quan.

115 1259 199 1326 doque
216 1257 281 1310 idem
292 1258 433 1327 prodigium
443 1258 607 1320 nunciaretur,
625 1257 691 1308 feriae
710 1274 754 1324 per
772 1275 866 1313 novem

116 1336 167 1387 dier
186 1348 323 1402 agerentur.
356 1336 430 1388 Haud
445 1338 480 1386 ita
490 1336 569 1386 multo
580 1334 633 1401 poll
651 1336 784 1400 pessilentii
796 1337 865 1388 labo·

116 1423 197 1463 ratum
205 1414 247 1465 ert.
267 1414 332 1465 unde
342 1429 419 1479 quum
430 1413 528 1480 pigritia
539 1411 660 1461 militandi
671 1411 792 1472 oriretur;
809 1413 865 1463 nul-

39 1504 47 1511 ·
114 1487 140 1537 la
157 1490 281 1541 tamenab
292 1491 364 1543 armis
376 1490 443 1555 quies
455 1487 559 1538 dabatur
569 1487 600 1536 ab
612 1485 728 1536 bellicoso
744 1502 810 1551 rege,
831 1487 866 1541 sa.

116 1567 225 1618 lubriora
235 1567 310 1617 etiam
324 1565 436 1616 credente
452 1564 554 1627 militia,
566 1567 640 1628 quam
657 1560 724 1612 domi
741 1562 866 1625 juvenum

116 1657 222 1708 corpora
233 1642 293 1703 elle;
314 1642 393 1692 donec
406 1641 456 1708 ipse
473 1655 572 1706 quoque
586 1640 722 1705 longinquo
731 1640 820 1690 morbo
831 1641 866 1695 eli

115 1717 256 1785 implicitus.
292 1721 366 1769 Tunc
377 1717 440 1768 adeo
457 1716 526 1767 lraiii
539 1716 608 1766 simul
623 1732 680 1766 cum
691 1731 794 1783 corpore
809 1717 865 1770 sunt
892 1755 897 1761 -

114 1792 212 1861 spiritur
228 1795 263 1844 illi
273 1794 375 1858 feroces,
394 1805 430 1857 ut,
448 1794 491 1860 qui
501 1793 565 1844 nihil
575 1797 705 1844 atteratur
717 1792 773 1842 ellet
781 1794 864 1848 mintlr

114 1872 218 1935 regium,
236 1876 310 1936 quim
326 1868 398 1920 sacris
408 1869 496 1919 dedere
504 1870 622 1931 animum,
639 1871 739 1934 repenti
748 1871 864 1920 omnibu}

115 1947 210 2009 magnis
218 1936 349 2012 parvisque
361 1942 568 2008 superstitionibus
579 1943 703 1992 obnoxius
711 1942 817 2006 degeret,
826 1957 878 2002 re·¹

114 2017 295 2086 ligionibul'que
309 2019 385 2067 etiam
394 2018 516 2084 populum
524 2016 646 2082 impleret.
670 2016 748 2080 vulgo
759 2017 811 2079 jam
822 2018 866 2069 ho·

113 2099 200 2160 mines,
215 2111 273 2145 eum
289 2095 378 2145 ilatum
388 2107 479 2158 rerum,
496 2093 539 2161 qui
553 2091 597 2144 sub
614 2095 697 2142 Numa
708 2105 765 2155 rege
775 2091 865 2160 suerat,

20 2227 35 2243 f
114 2175 273 2240 requirentes,
290 2187 367 2222 unam
381 2186 455 2238 opem
474 2169 544 2233 aegris
558 2167 702 2236 corporibus
720 2167 866 2234 relidamfi

114 2265 166 2318 pax
174 2251 294 2315 veniaque
303 2249 335 2300 ab
343 2248 399 2299 Diis
408 2247 537 2315 impetrata
548 2245 613 2311 ellet,
622 2245 761 2297 credebant.
778 2246 864 2314 Ipsum

113 2340 205 2389 regem,
214 2324 321 2389 tradunt,
329 2325 474 2374 volventem
481 2323 671 2374 commentarios
680 2325 776 2386 Numa,
785 2336 864 2389 quum

114 2400 150 2450 ibi
167 2401 276 2465 quadam
291 2401 387 2452 occulta
404 2400 512 2452 solennia
532 2398 649 2450 sacrificia
659 2401 720 2463 Jovi
734 2399 815 2450 Elicio
826 2397 863 2452 sa·

114 2475 152 2526 ila
163 2475 298 2541 invenlffet,
309 2486 438 2544 operatum
447 2477 484 2527 his
496 2475 565 2545 sacris
574 2475 598 2527 se
607 2474 723 2532 abdidisse
733 2494 739 2525 :
759 2474 864 2526 sednon

61 2564 66 2574 ·
113 2552 160 2603 riti
168 2553 256 2604 initum
264 2564 308 2605 aut
318 2564 431 2605 curatum
442 2552 467 2604 id
475 2553 570 2605 sacrum
581 2552 627 2603 esse
634 2572 641 2614 ς
658 2568 703 2604 nec
715 2553 795 2604 solum
807 2551 863 2600 nul·

113 2631 164 2680 lam
175 2629 198 2678 ei
208 2630 316 2681 oblatam
327 2631 458 2681 coelestium
466 2627 579 2695 speciem,
588 2629 628 2679 sed
639 2630 674 2678 iri
683 2630 761 2692 Jovit,
773 2625 863 2677 sollici-

113 2703 160 2752 tati
168 2706 246 2770 prava
254 2707 378 2772 religione,
397 2706 499 2757 fulmine
516 2705 592 2756 itum
603 2720 660 2755 cum
677 2704 753 2754 domo
770 2702 863 2752 conlin-

113 2778 210 2866 grdlse
234 2782 322 2833 Tullur
332 2783 421 2847 magni
431 2780 577 2846 gloriationi
588 2779 702 2845 regnavit
713 2793 790 2829 annos
800 2776 865 2830 duot

112 2853 140 2905 ἃ
148 2864 263 2986 ἓξὲξ.
279 2937 386 2989 Mortuo
399 2896 485 3000 Tullo,
496 2945 544 2998 ret,
553 2939 583 2985 ut
593 2928 729 2983 ultimum
736 2929 791 2998 jan
803 2927 863 3058 indg

822 3021 840 3058 a
