1964 3660
155 148 207 208 326
415 146 641 199 T.1.1V11

152 239 278 288 asortuna
289 238 360 306 politi
373 238 507 304 occidentis
520 239 613 306 patria,
631 252 676 287 nec
687 237 760 288 ullius
770 253 853 293 return
862 241 902 300 su·

149 331 224 367 ,arum
244 317 329 381 relitli,
346 327 509 385 praeterquam
526 332 667 384 corporum,
684 316 803 371 vindices.
831 330 904 372 tanto

153 405 211 445 ante
228 395 289 445 alios
300 395 430 446 miserandi
447 397 532 460 mergit,
552 395 595 460 qui
611 411 721 461 unquam
737 392 822 446 obselli
837 396 903 463 sunt,

153 471 220 539 quod
232 473 353 524 interclusr
371 480 385 523 a
403 473 482 539 patria
496 472 677 537 obsidebantur,
693 474 778 524 omnia
795 472 838 524 sua
849 491 903 524 cer·

153 562 238 622 nentes
249 553 275 601 in
287 552 393 602 hostium
405 550 533 619 potestate.
567 553 622 602 Nec
633 549 789 619 tranquillior
799 567 853 602 nox
864 551 902 602 di-

153 643 194 679 em
205 640 256 679 tam
267 629 331 681 foede
341 630 422 680 aslum
431 629 546 696 excepit:
557 627 602 679 lux
614 627 701 678 deinde
711 627 809 701 nostem
821 630 903 697 inqui-

152 716 219 757 etam
230 707 339 759 insecuta
356 709 397 757 ell.
415 723 461 757 nec
472 707 550 757 ullum
561 718 613 756 erat
624 717 728 774 tempus,
745 707 813 773 quod
824 714 838 758 a
854 725 902 759 no-

151 799 192 835 vae
204 785 297 853 semper
317 785 390 836 cladIs
410 784 513 848 alicujus
530 783 667 851 spellaculo
687 781 796 834 cessaret.
831 785 903 838 Nihil

152 870 246 926 tamen,
263 872 301 912 tot
319 862 415 912 onerati
428 871 502 927 atque
519 860 602 912 obruti
616 860 693 922 malis,
710 861 833 911 flexerunt
847 863 902 912 ani·

153 953 217 1004 moa,
235 940 304 1006 quin,
322 938 364 988 etsr
376 939 460 989 omnia
471 937 576 988 flammis
587 953 616 988 ac
627 937 703 986 ruinis
715 949 812 1002 aequata
823 937 901 989 vidis-

153 1016 213 1080 sent,
237 1018 351 1084 quamvis
370 1018 471 1083 inopem
489 1029 651 1082 parvumque,
680 1028 755 1081 quern
773 1014 902 1081 tenebant,

152 1096 250 1159 collem,
262 1096 370 1146 libertati
382 1095 500 1158 relislum,
510 1095 603 1144 virtute
612 1092 787 1156 defenderent3
804 1093 829 1144 dt
838 1095 901 1160 jam,

153 1188 231 1238 quum
247 1173 333 1222 eadem
351 1172 462 1239 quotidie
479 1171 625 1235 acciderent,
642 1171 712 1221 velut
725 1170 810 1222 assueti
821 1173 902 1236 malit,
926 1210 929 1214 Δ

151 1250 352 1300 abalienaverant
363 1252 395 1300 ab
412 1247 482 1303 sensu
496 1264 578 1300 rerum
594 1249 691 1299 suarum
702 1248 816 1313 animos;
832 1266 902 1301 arma

152 1332 249 1377 tantum
261 1328 401 1395 ferrumque
412 1329 437 1378 in
449 1327 551 1394 dextris,
568 1328 638 1379 velut
652 1326 714 1378 solas
724 1328 838 1396 reliquias
849 1328 901 1398 spei

151 1400 208 1465 suae,
226 1403 360 1452 intuentes.

185 1482 284 1529 XLIII.
304 1480 371 1528 Galli
382 1494 489 1546 quoque,
507 1495 552 1546 per
562 1479 657 1546 aliquot
668 1478 719 1530 dies
731 1479 831 1532 intesta
843 1494 900 1533 mo·

149 1558 184 1610 do
195 1559 262 1609 urbis
273 1560 438 1624 nequicquam
449 1559 514 1609 bello
529 1558 604 1625 gello,
617 1574 699 1630 'quum
713 1560 777 1619 inter
787 1560 901 1613 incendia

150 1653 180 1689 ac
192 1640 272 1686 ruinas
287 1648 364 1706 captae
381 1637 449 1688 urbis
465 1637 529 1687 nihil
546 1635 674 1705 superesse,
691 1648 778 1704 preter
792 1631 901 1691 armatos

149 1715 238 1779 nolles,
255 1714 376 1778 viderent,
394 1731 439 1764 nec
459 1716 592 1782 quicquam
608 1725 646 1765 tot
666 1715 775 1775 cladIbus
791 1714 902 1782 territos,

149 1809 195 1845 nec
207 1795 316 1847 flexuros
326 1795 368 1845 ad
385 1795 537 1847 deditionem
556 1797 660 1859 animos,
678 1796 704 1845 ni
721 1796 760 1853 vis
770 1795 899 1847 adhibere·

149 1882 190 1922 tur
197 1892 204 1932 ;
221 1875 329 1941 experiri
340 1873 434 1940 ultima,
452 1874 610 1943 &impetum
621 1875 702 1926 facere
714 1876 739 1925 in
752 1891 834 1926 arcem
851 1875 898 1949 sttr-

148 1959 232 2001 urunt.
266 1954 348 2004 Primi
359 1953 422 2016 luce,
439 1951 507 2018 signo
516 1953 575 2003 dato
586 1953 720 2004 multitudo
730 1953 843 2004 omnisin
858 1954 899 2005 so-

148 2043 178 2080 ro
191 2029 324 2081 Instruitur.
341 2031 406 2095 inde,
424 2032 533 2082 clamore
544 2031 641 2080 sublato
651 2025 680 2081 ac
696 2031 813 2081 testudine
826 2030 899 2099 sacis,
952 2088 953 2093 ,

148 2106 262 2156 subeunt.
280 2107 397 2158 adversus
408 2123 469 2173 quos
478 2108 586 2158 Romani
594 2108 656 2158 nihil
665 2113 756 2159 temere
766 2125 811 2159 nec
827 2110 902 2178 trepi-
957 2170 961 2175 Ι

148 2180 186 2245 de,
203 2182 235 2232 ad
246 2199 331 2234 omnes
342 2185 422 2233 aditus
433 2185 575 2235 stationibus
587 2185 698 2250 firmatis,
716 2189 764 2252 qud
774 2188 842 2252 figna
849 2188 900 2240 ser·

146 2260 169 2311 tl
182 2259 308 2324 videbant,
330 2262 358 2308 ed
370 2261 461 2309 robore
474 2261 585 2310 virorum
597 2261 711 2327 opposito
724 2262 838 2313 scandere
849 2266 898 2316 ho·

146 2335 206 2386 siem
217 2334 312 2391 sinunt:
330 2352 381 2401 quo
393 2335 530 2386 successerit
542 2338 620 2400 magis
632 2338 657 2386 in
669 2338 782 2404 arduum,
798 2355 829 2390 eo
840 2344 901 2408 pelli

146 2412 215 2481 posse
229 2428 272 2481 per
283 2413 396 2481 proclive
407 2413 503 2465 facilius
518 2415 576 2464 rati.
610 2414 698 2467 Medio
708 2415 760 2466 sere
778 2417 846 2470 cliVo
858 2437 898 2494 τε,-

144 2491 240 2542 stitere:
258 2503 332 2558 atque
351 2492 408 2543 inde
425 2507 458 2543 ex
474 2491 532 2544 loco
544 2492 740 2564 superiore,.qui
757 2501 835 2564 prope
853 2497 899 2550 sud-

146 2567 233 2637 sponte
245 2571 271 2620 in
283 2571 375 2622 hostem
384 2571 513 2636 inserebat,
529 2573 624 2641 impetu
636 2573 709 2638 sado,
726 2575 803 2641 slrage
814 2592 843 2626 ac
854 2593 896 2627 ru·

145 2648 188 2699 ina
203 2648 290 2699 fudere
305 2650 407 2701 Gallos:
424 2661 453 2701 ut
470 2660 597 2718 nunquam
614 2652 697 2720 pollea
707 2669 753 2703 nec
769 2669 832 2721 pars,
849 2671 897 2708 nec

145 2727 254 2778 universi
266 2731 416 2780 tentaverint
427 2731 475 2780 tale
486 2746 574 2798 pugna
586 2747 671 2797 genua.
692 2722 695 2731 ’
707 2732 897 2799 Omissaitaque

145 2803 189 2870 spe
200 2819 243 2873 per
255 2807 309 2857 vim
320 2818 393 2873 atque
404 2823 473 2859 arma
484 2807 611 2874 subeundi,
629 2808 781 2861 obfidioncm
793 2820 896 2877 parant:

144 2883 216 2946 cujus
229 2885 261 2935 ad
272 2886 297 2936 id
314 2895 408 2956 tempus
419 2888 585 2955 immemores,
602 2888 636 2952 dr,
653 2888 720 2954 quod
731 2889 757 2938 in
768 2888 828 2938 urbe
840 2887 895 2941 sues

75 2969 76 2972 ’
143 2970 193 3027 ¹²05
208 2961 362 3035 sumntum
378 2967 500 3022 incendiis
508 2965 775 3038 urbieabsumpseraut,
792 2967 895 3055 &exa-

839 3057 895 3114 ἕω
