1964 3660
187 281 240 341 460
437 279 474 329 Τ.
508 277 531 328 1.
548 277 562 329 1
579 280 604 327 V
621 277 635 329 Ῐ
651 278 667 329 l

188 378 270 434 parare
280 365 303 413 in
312 366 446 432 perpetrem,
463 367 502 416 vel
512 369 627 434 savitudo,
644 368 684 418 vel
701 367 832 435 ignoscendo,
847 370 955 437 potestin

193 441 263 490 Vultis
272 442 386 490 crudeliter
395 441 531 507 consulerem
546 443 626 492 deditos
640 443 769 510 nidosque?
786 444 838 493 licet
846 447 954 498 deleres·

193 533 242 566 mne
253 517 350 580 Latium,
367 516 440 580 vastas
451 517 717 582 indesoli'tudinesfaeere,
733 521 787 567 unde
794 521 873 585 sociali
888 538 954 589 egee·

189 594 229 661 gio
239 593 333 642 exercitu
343 603 386 658 per
397 592 463 642 multa
474 593 528 642 bella
539 610 655 660 magnaque
664 596 721 660 sepe
737 593 767 658 ufi
782 597 842 658 estis.
880 599 963 653 Vultis.

192 669 287 734 exemplo
297 668 404 730 majorum
415 684 494 735 augere
509 685 555 718 rem
565 671 693 732 Romanam,
709 671 778 719 villos
789 672 812 718 in
830 674 954 723 civitatem

192 745 334 810 accipiendo?
351 746 443 793 materia
457 746 560 810 crescendi
568 757 610 810 per
614 748 725 810 summam
736 747 832 813 gloriam
840 750 953 815 suppedi-

189 829 232 871 tat.
250 826 308 869 certe
319 820 342 868 id
348 821 495 885 firmifflmum
509 820 571 887 longi
586 822 703 886 imperium
714 823 751 885 est,
771 838 811 887 quo
829 821 954 873 obedientes

188 898 293 964 gaudent.
328 896 371 944 Sed
387 904 494 945 matrerm
512 907 564 962 epus
581 897 621 959 est,
637 898 735 962 quicquid
747 897 847 960 statuere
866 900 953 964 placet.

191 982 224 1023 tot
229 972 319 1038 populos
329 973 386 1021 inter
396 974 460 1036 spem
471 980 589 1037 metuenque
599 973 711 1038 fiespmsos
724 974 790 1020 animi
801 973 906 1024 habetis:
924 977 954 1029 e,
967 979 971 986 '

191 1047 288 1110 vestram
299 1052 371 1113 itaque
379 1047 405 1094 de
413 1048 443 1095 eis
454 1062 528 1094 ceram
536 1050 601 1113 quim
610 1047 710 1112 primim
718 1048 806 1112 adsilui,
825 1052 852 1098 dr
862 1051 953 1105 tuom

192 1125 283 1187 animos,
300 1123 350 1172 dunt
366 1121 518 1190 exspellatione
530 1122 628 1187 stupent,
639 1125 680 1189 seu
695 1124 767 1188 penti,
778 1126 820 1188 sen
838 1123 952 1191 beneficio,

191 1201 333 1324 prppcenpaei
347 1207 438 1265 oportet.
455 1199 546 1262 aelirum
552 1199 603 1262 fuit
616 1199 706 1260 efficere,
723 1209 747 1248 ut
765 1201 861 1248 omnium
873 1218 952 1265 rernm

191 1279 234 1328 vol
236 1279 254 1326 is
271 1278 300 1326 ad
315 1277 459 1342 consulendum
477 1275 567 1340 potestas
585 1275 645 1342 effer.
662 1275 758 1339 vestrum
777 1275 807 1340 esi
824 1277 952 1348 decernere,

192 1356 247 1423 quod
257 1356 362 1420 optimum
370 1354 431 1403 volit
439 1354 510 1420 reique
515 1353 645 1420 pullicefit.

227 1435 300 1481 XIV.
320 1431 443 1497 Principes
456 1430 552 1481 senatis
563 1432 706 1482 relationem
718 1428 824 1480 consulis
836 1431 869 1481 de
882 1434 953 1486 sum·

193 1524 235 1561 ma
247 1523 328 1557 rernm
339 1508 454 1567 laudare;
472 1506 513 1556 sed
514 1524 610 1572 ,quum
619 1509 723 1558 aliorum
734 1507 806 1556 causa
818 1509 869 1559 alia
883 1512 952 1575 effet,

193 1590 229 1638 ita
240 1586 350 1652 expediri
360 1585 426 1652 poile
437 1587 574 1648 confilium,
592 1585 682 1647 dicere,
699 1595 727 1633 nt
738 1601 784 1650 pro
800 1589 897 1639 merito
907 1605 952 1639 cu·

191 1663 280 1728 jusque
291 1662 443 1727 statueretur,
460 1662 477 1711 sr
493 1661 524 1711 de
542 1661 639 1724 fingulis
657 1661 805 1710 nominatim
825 1665 953 1717 referrent

193 1741 300 1810 populis.
335 1740 450 1790 Relatum
479 1741 555 1804 igitur
579 1737 610 1786 de
634 1738 731 1802 singulis
756 1737 951 1810 decretumque.

194 1819 333 1871 Lanuvinis
350 1820 438 1869 civitas
450 1819 507 1868 data
525 1818 639 1882 sacraque
653 1817 694 1865 sua
712 1816 807 1866 reddita
825 1834 889 1869 cum
910 1839 951 1889 eo,

194 1907 223 1947 ut
234 1895 295 1945 aedes
304 1896 421 1962 lucusque
433 1895 534 1962 Sospitae
543 1894 647 1958 Junonis
657 1895 794 1942 communis
803 1897 954 1951 Lanuvinis

193 1973 362 2039 municipibus
371 1988 428 2022 cum
442 1971 536 2039 populo
550 1972 665 2018 Romano
681 1969 747 2018 effer.
782 1970 884 2022 Aricini
895 1980 954 2027 No·

194 2052 352 2117 mentanique
369 2051 394 2100 δι
412 2049 503 2100 Pedani
520 2046 680 2111 eodemjure,
698 2050 900 2116 quoLanuvini‚
922 2056 953 2106 in

194 2128 323 2177 civitatem
337 2127 443 2194 accepti.
479 2123 626 2191 Tusculanis
643 2123 737 2173 servata
752 2123 851 2188 civitas,
870 2144 955 2193 quam

195 2205 335 2264 habeban15
354 2205 495 2268 crimenque
512 2201 651 2251 rebellionis
669 2205 684 2249 i
701 2200 798 2266 publica
818 2201 911 2255 fraude
924 2208 955 2258 in

195 2296 287 2349 paucos
299 2280 409 2329 anilores
423 2278 530 2328 versum.
565 2280 595 2325 In
605 2276 752 2340 Veliternos,
770 2287 869 2328 veteres
879 2284 954 2335 cives

194 2362 330 2418 Romanos,
347 2356 412 2420 'qubd
422 2357 496 2404 toties
517 2351 674 2415 rebelliffent,
693 2354 802 2416 graviter
814 2353 953 2413 sevirum:

194 2433 220 2481 ἃ
232 2435 295 2481 muri
304 2432 398 2495 dejeili,
416 2429 544 2480 &senatus
553 2427 609 2477 inde
620 2427 745 2492 abduilus,
760 2431 867 2496 jnffique
881 2446 953 2489 tram

192 2511 312 2562 Tiberim
321 2510 448 2559 habitare:
465 2518 494 2557 ut
502 2507 562 2570 ejus,
579 2506 621 2571 qui
631 2506 665 2556 cis
675 2509 789 2556 Tiberim
804 2508 951 2575 deprehen.

193 2588 234 2640 sus
248 2587 314 2652 esset,
331 2587 408 2653 usqne
425 2585 456 2636 ad
473 2582 540 2634 mille
557 2584 642 2651 pondo
662 2584 788 2648 clarigatio
806 2584 882 2650 effet;
900 2608 953 2644 nec

195 2667 272 2732 prins,
290 2671 363 2731 quim
375 2679 420 2714 aere
432 2663 565 2730 persoluto,
583 2663 611 2724 ir,
629 2663 672 2726 qui
684 2660 789 2728 cepiilet,
802 2673 876 2713 extra
889 2670 953 2718 vin.

194 2745 251 2793 cula
262 2754 361 2808 captum
370 2741 478 2790 baberet.
497 2741 526 2789 In
538 2753 626 2802 agrum
637 2737 778 2788 senatorum
789 2739 875 2791 coloni
887 2746 952 2797 mis·

195 2820 227 2870 n:
246 2820 333 2885 quibus
345 2817 478 2884 adscriptis,
496 2816 602 2884 speciem
617 2816 724 2882 antique
734 2816 881 2881 frequentin:
894 2828 952 2874 Ve.

194 2900 256 2949 litrae
265 2905 416 2962 receperunt.
450 2896 482 2945 Et
497 2895 601 2943 Antium
612 2908 681 2942 nova
697 2894 794 2943 colonia
803 2895 873 2945 miss'a
887 2915 952 2955 eum

195 2989 236 3036 eo,
253 2983 281 3021 ut
296 2971 437 3020 Antiatibus
447 2971 637 3036 permitteretur,
654 2968 708 3019 fi&
726 2968 769 3036 ipfi
780 2969 888 3022 adscribi
900 2991 952 3027 co·

195 3049 248 3102 loni
257 3047 358 3103 vellent
375 3060 451 3100 neres
463 3045 522 3100 inde
531 3044 720 3180 longetbtilz,
736 3046 954 3117 incultamque

193 3174 201 3182 .
218 3177 220 3181 .
517 3172 523 3179 .
877 3131 950 3184 mari
