1964 3660
344 195 367 243 L
384 194 397 243 1
414 195 433 243 B
451 194 472 242 E
489 195 512 242 R
546 187 622 242 vm.
807 206 855 253 453

114 285 240 346 Romano,
257 283 323 333 haud
340 284 396 333 satis
414 283 499 332 fidenti
517 281 620 342 viribus,
633 270 686 350 jum
700 281 790 330 Roma
803 297 859 348 per·

114 361 211 410 millum
229 374 281 411 erat
300 363 332 411 ab
352 363 499 429 consulibus,
524 371 552 409 ut
573 358 785 408 subcenturionem
805 357 857 421 fibi,

114 449 190 498 quem
198 436 280 498 vellet,
298 437 397 500 legeret,
414 437 456 500 qui
465 439 586 482 tutaretur
602 447 659 483 cum
674 433 707 481 ab
721 445 773 480 uno
788 432 859 481 delli-

115 520 175 558 nato
190 511 265 559 hoste.
284 514 351 577 isque
360 514 468 575 juvenis,
484 517 510 560 ln
523 512 576 559 acie
587 513 690 575 oblatus,
708 520 740 564 e'x
752 512 859 561 centuri·

116 600 165 634 one
180 587 271 636 Latino
282 587 412 638 villoriam
424 589 488 638 tulit.
498 578 505 658 ἰ
522 588 660 656 Pugnatum
668 581 709 637 cll
718 588 782 637 haud
800 604 858 656 pro·

116 665 157 713 cul
169 663 289 717 radicibus
298 666 403 717 Vesuvii
416 665 517 728 montis,
532 664 581 730 qui
598 666 639 714 via
655 665 686 716 ad
696 664 805 716 Veserim
822 656 859 718 ie-

118 741 199 791 rebat.

150 821 199 869 lx.
217 820 324 869 Romani
334 818 442 870 consulut
456 819 531 887 prius,
548 823 622 887 quum
632 810 764 890 educerem-
773 820 798 868 in
809 821 860 872 acl-

116 911 166 960 cm,
182 898 383 948 immolaverunt.
399 921 402 925 ·
418 900 498 949 Decio
515 908 588 964 caput
602 897 723 960 jocinoris
740 902 754 945 ὲ
771 897 860 947 famili·

116 975 153 1023 ari
165 987 235 1042 parte
244 976 333 1026 caesum
343 976 448 1045 aruspex
459 977 549 1047 dicitur
558 975 682 1026 ostendisse
692 993 700 1034 ;
716 975 808 1043 alioqui
819 992 860 1025 ac·

116 1064 215 1119 ceptam
234 1056 288 1104 Diis
307 1055 410 1105 hostiam
430 1053 493 1104 esse:
517 1052 640 1125 Manlium
660 1052 758 1115 egregie
774 1051 865 1102 bruile(-

116 1132 188 1196 Alqui
198 1131 248 1180 bene
258 1133 328 1196 babet,
346 1134 425 1196 inquit
435 1131 535 1194 Decius,
547 1129 569 1194 fi
584 1128 611 1178 ab
628 1129 705 1195 collegu
722 1128 808 1202 lironem
822 1129 860 1191 est.

118 1208 248 1272 Instrullis,
265 1209 326 1259 ficut
340 1213 396 1259 anti
411 1209 502 1260 dilium
519 1207 560 1270 cll,
578 1205 712 1270 ordinibus,
730 1204 864 1273 proceffere

117 1283 144 1331 in
162 1284 249 1333 aciem.
284 1287 391 1336 Manlius
408 1286 505 1347 dextro,
523 1284 614 1334 Decius
627 1280 692 1332 luvo
709 1297 786 1332 cornu
800 1297 862 1350 prae·

117 1370 179 1409 erat.
198 1363 278 1428 primb
286 1364 400 1429 utrinque
411 1364 484 1430 aequis
493 1362 596 1424 viribus,
614 1361 700 1411 eodem
711 1360 798 1411 ardore
809 1351 862 1410 aiii-

117 1454 217 1489 morum
229 1442 358 1506 gerebatur
375 1457 428 1492 res:
446 1443 533 1492 deinde
550 1440 581 1491 ab
598 1441 664 1490 laevo
682 1456 760 1490 cornu
776 1440 862 1489 hastati

117 1519 233 1582 Romani,
250 1518 416 1570 non'serentcs
432 1519 611 1588 imprellioncm
624 1520 778 1581 Latinorum,
796 1515 863 1568 (cad

118 1595 240 1662 principes
249 1612 371 1664 recepere.
406 1601 435 1646 ln
444 1599 493 1647 hac
501 1597 666 1662 trepidatione
678 1598 769 1645 Decius
778 1595 863 1645 consul

118 1673 158 1719 M.
174 1672 300 1721 Valerium
313 1673 402 1735 magu&
415 1687 480 1721 voce
497 1672 628 1720 inclamat:
646 1674 754 1734 Deorum,
772 1673 862 1737 inquit,

118 1757 165 1812 ope,
182 1746 263 1809 Valeri,
280 1758 331 1812 opus
347 1747 385 1810 est.
402 1748 502 1812 agedum,
517 1749 617 1812 pontifex
629 1744 725 1812 publicus
735 1747 809 1813 populi
818 1754 863 1798 llo-

117 1825 186 1886 muni,
200 1823 253 1888 prul
266 1824 341 1888 verbu,
357 1821 429 1890 quibus
437 1839 472 1870 me
476 1834 518 1889 pro
527 1820 638 1888 legionibus
650 1824 779 1872 devoveum.
798 1827 863 1876 Pon·

119 1900 183 1948 tifex
198 1914 255 1947 eum
266 1910 352 1963 rogam
369 1909 512 1966 praetextam
529 1898 624 1948 sumere
637 1898 711 1962 juilit,
728 1900 762 1964 le,
780 1903 864 1955 velato

118 1977 209 2041 capite,
226 1991 301 2025 manu
318 1976 400 2026 subter
416 1986 501 2039 togam
513 1976 544 2025 ad
560 1987 671 2025 mentum
683 1977 775 2040 exerti,
792 1978 865 2046 super

120 2052 198 2100 telum
209 2050 343 2116 subjellum
353 2053 455 2120 pedibus
462 2053 561 2102 stantem
572 2048 603 2102 src'
612 2053 701 2103 dicere.
735 2055 803 2118 June,
818 2059 863 2121 Ju·

116 2131 186 2197 piter,
206 2130 274 2180 Mars
282 2141 354 2197 puter,
372 2132 472 2197 Quirine,
489 2130 583 2193 Bellona,
600 2127 676 2192 zares,
693 2131 757 2178 Divi
767 2135 864 2182 Noven-

115 2207 175 2271 filos,
193 2208 236 2257 Dii
248 2210 358 2276 indigetes,
375 2208 445 2273 Divi,
462 2205 549 2276 quorum
560 2207 691 2275 estpotestus
701 2207 815 2272 nostronem
826 2204 864 2259 bo·

114 2287 229 2352 fliumque,
247 2288 327 2354 Dlique
343 2303 422 2352 munes,
438 2302 478 2337 vos
494 2286 579 2354 precor,
595 2295 695 2349 uelleror,
711 2280 800 2337 venioon
813 2295 866 2352 p'elo

114 2365 214 2428 feroque,
231 2365 263 2412 uri
271 2367 349 2431 populo
360 2360 454 2415 Donabo
464 2366 644 2430 Quintianum
653 2359 865 2430 villo'oiumquepio·

113 2441 222 2505 spemin
238 2437 340 2506 hostesque
356 2441 431 2506 populi
446 2441 537 2488 Romani
548 2441 768 2504 Quiritium'terrure,
780 2439 866 2502 formi-

121 2519 177 2579 dine,
195 2524 299 2581 morteque
316 2517 425 2578 afficiatis.
454 2515 520 2566 'Sicut
535 2517 608 2565 verbis
625 2517 755 2581 nuncupavi,
777 2517 810 2564 itu
822 2527 866 2581 pro

119 2593 226 2662 republica
238 2594 367 2658 Quiritium,
385 2593 485 2654 exercitu,
501 2591 622 2659 legionibus,
637 2591 722 2642 auxiliis
730 2591 804 2658 populi
819 2595 865 2642 llo-

53 2704 57 2717 =
120 2672 181 2722 muni
192 2671 320 2738 Quiritium,
337 2672 427 2736 legiones
434 2670 549 2735 auxiliaque
559 2667 647 2733 bostium
656 2684 737 2718 mecum
749 2669 803 2719 Diis
815 2686 865 2720 mu-

121 2751 182 2800 nibus
197 2750 316 2815 Tellurique
325 2749 430 2797 devoveo.
463 2750 524 2797 Haec
535 2748 569 2796 ita
586 2756 706 2813 precatus,
722 2744 818 2796 fluores
829 2749 882 2797 ire,

122 2827 155 2876 ad
167 2831 201 2876 T.
215 2816 337 2875 Manlium
347 2825 426 2888 jubet,
442 2826 584 2890 maturique
596 2825 695 2888 collega
704 2823 728 2872 sc
745 2823 867 2876 devotum

124 2919 171 2971 pro
180 2905 291 2953 exercitu
299 2903 424 2952 nunciare.
459 2901 530 2969 Ipse,-'
540 2900 657 2952 incinlius
665 2901 746 2952 cinllu
756 2902 866 2968 Gabino,

124 2991 232 3033 armatus
241 2981 269 3031 in
283 2992 374 3046 equum
387 2981 486 3049 insiluit,
502 2995 531 3032 ac
542 2978 567 3033 le
582 2981 609 3034 iu
619 2977 713 3034 medloc
723 2978 801 3031 helles
817 2979 865 3095 ilfurt:

131 3066 135 3075 ’
791 3059 816 3096 m
836 3062 844 3093 1
858 3077 865 3095 .
