1964 3660
174 245 224 303 416
425 243 461 292 Τ.
496 243 666 292 L1v11·
726 242 730 246 ’

173 330 226 379 sum
236 333 333 381 Petrum
343 332 508 382 consularibus
517 333 622 382 comitiis
634 331 701 394 fecit,
719 337 793 396 quem
803 333 922 395 censoriis

174 407 265 457 fuerat.

208 487 309 532 XXIII.
328 489 366 532 M.
388 485 504 551 Popillius
522 486 636 533 Laennsb
653 483 832 549 plebeconsul,
848 486 919 534 &Pe-

173 559 251 606 tribus
263 562 294 605 L.
309 561 435 609 Cornelius
451 558 531 623 Scipio
544 559 621 607 datus.
656 561 765 607 Fortuna
776 575 879 624 quoque
890 559 919 609 il·

171 634 307 682 lnsiriorem
319 636 443 700 plebeium
454 635 578 684 consulem
590 633 657 682 secit.
667 637 732 683 Nam
743 650 820 698 quum
832 636 919 698 ingen„

172 720 222 757 tem
236 709 364 758 Gallorum
376 711 512 759 exercitum
523 712 549 758 in
561 724 622 772 agro
634 710 725 758 Latino
736 711 811 758 castra
823 709 922 776 posuis.

172 786 197 834 se
208 787 352 835 nunciatum
370 786 426 836 esset
437 805 444 846 ;
457 788 572 851 Scipione
589 787 659 848 gravi
676 786 766 835 morbo
786 787 920 852 Implicito,

173 863 298 911 Gallicum
315 864 406 912 beIlum
423 864 528 928 Popillio
545 872 616 912 extra
632 861 744 912 ordinem
756 862 850 911 datum.
885 865 919 924 Is,

170 938 276 1003 impigre
290 941 401 988 exercitu
420 938 520 1003 scripto,
539 953 614 1002 quum
632 953 717 987 omnes
730 949 802 986 extra
818 947 918 1002 portam

173 1017 300 1079 Capenam
310 1015 341 1063 ad
353 1015 440 1063 Mortis
453 1014 528 1062 aedem
541 1015 674 1062 convenire
684 1024 790 1063 armatos
804 1012 917 1074 juniores

168 1090 276 1154 jussisset,
293 1091 406 1156 fignaque
420 1091 507 1140 eodem
524 1091 651 1155 quaesiotes
666 1105 699 1140 ex
716 1091 802 1140 aerario
813 1089 918 1153 deserte,

170 1178 278 1232 quatuor
295 1169 398 1234 expietis
416 1165 563 1231 legionibuS,
579 1165 646 1232 quod
663 1165 783 1232 superfuit
800 1166 917 1229 militum,

171 1245 199 1293 P.
214 1245 314 1293 Valerio
327 1246 457 1294 Publicolae
468 1244 566 1311 pretori
578 1243 690 1304 tradidit;
708 1242 918 1293 auetoritatibus

170 1321 290 1371 scribendi
306 1321 406 1370 alterius
425 1322 554 1385 exercitus,
571 1321 639 1387 quod
654 1319 685 1369 ad
703 1322 807 1371 incertos
818 1319 876 1368 belli
888 1335 916 1368 e-

169 1409 258 1447 ventus
277 1398 408 1447 subsidium
423 1396 562 1464 reipublice
574 1396 640 1446 esset.
674 1396 737 1464 Ipse,
752 1397 803 1460 jam
816 1396 872 1446 satis
886 1411 916 1446 o-

169 1475 268 1524 mnibus
276 1475 393 1524 instruttis
405 1473 610 1539 comparatisque,
619 1473 650 1524 ad
661 1473 752 1524 hostem
763 1475 858 1539 pergit:
871 1488 915 1524 cu·

166 1551 207 1614 jus
218 1561 245 1599 ut
256 1552 324 1616 priris
338 1550 448 1601 nosceret
460 1552 533 1614 vires,
551 1557 625 1615 quam
639 1549 748 1618 periculo
758 1549 848 1600 ultimo
860 1561 915 1602 ten÷

169 1639 246 1688 πατεῖς
263 1629 289 1676 iu
309 1629 414 1690 tumulo,
431 1642 505 1693 quem
525 1628 668 1693 proximum
688 1625 767 1684 cestris
782 1626 916 1678 Gallorum

170 1721 257 1771 capere
276 1707 367 1772 potuit,
384 1705 479 1755 vallum
495 1704 583 1755 ducere
601 1705 683 1770 coepit.
719 1704 787 1755 Gens
802 1703 876 1759 {esox
887 1705 915 1757 dt

169 1785 262 1849 ingenii
273 1783 342 1834 avidi
352 1783 383 1834 ad
393 1800 509 1851 pugnam,
527 1798 617 1849 quum·
624 1780 709 1848 procul
721 1781 776 1833 visis
788 1785 915 1833 Romano-

168 1876 225 1912 rum
236 1860 315 1924 srgnis‚
332 1871 361 1910 ut
377 1860 504 1926 extempio
521 1859 634 1925 proelium
645 1859 744 1923 initura,
760 1850 914 1925 explicuisset

169 1939 248 1988 aciem
255 1956 262 1999 ς
276 1936 408 2004 ροῐὶςυειη
428 1953 506 2002 neque
523 1938 549 1985 in
561 1951 658 2002 aequum
669 1935 763 1986 demitti
774 1951 862 2000 agmen
873 1938 914 1986 vi·

167 2015 213 2078 dit,
231 2014 256 2064 8<
279 2029 356 2079 quum
373 2014 424 2063 loei
441 2013 577 2077 altitudine,
594 2024 648 2063 tum
663 2013 731 2062 valio
747 2012 821 2062 etiam
836 2013 914 2076 integi

168 2095 302 2152 Romanos,
320 2088 442 2156 perculsos
453 2106 548 2157 pavore
558 2102 619 2153 rata,
637 2089 706 2140 stmul
715 2091 915 2157 opportuniorem

166 2166 236 2235 quod
248 2167 335 2216 intenti
348 2177 401 2216 tum
420 2167 528 2215 maximo
541 2167 612 2232 operi
628 2164 710 2229 essent,
729 2167 792 2216 truci
807 2167 916 2216 clamore

166 2241 315 2305 aggreditur.
350 2242 390 2291 Ab
401 2244 520 2292 Romanis
537 2258 582 2291 nec
600 2257 662 2308 opus
673 2241 841 2304 intermissum,
859 2242 914 2306 (tri-

164 2319 212 2367 arii
223 2327 300 2378 erant,
316 2317 361 2381 qui
371 2318 526 2382 muniebant)
544 2319 569 2368 ἃ
585 2320 616 2368 ab
634 2319 731 2368 hastatis
746 2308 913 2384 principibus·

165 2409 223 2460 que,
240 2393 283 2458 qui
295 2408 340 2458 pro
351 2393 517 2444 munitoribus
528 2395 616 2445 intenti
636 2397 770 2461 armatique
787 2395 910 2462 steterant,

166 2470 278 2539 proelium
289 2469 387 2520 initum.
422 2472 512 2522 Preter
522 2473 641 2522 virtutem
653 2475 721 2523 locus
732 2487 830 2539 quoque
842 2472 913 2539 supe-

165 2550 218 2599 rior
228 2545 334 2612 adjuvit,
351 2558 379 2596 ut
391 2548 439 2614 pila
450 2550 534 2599 omnia
543 2550 663 2614 hastaeque
673 2564 732 2612 non,
749 2560 867 2614 tunquam
876 2564 912 2599 ex
923 2580 925 2583 -

164 2627 240 2689 aequo.
248 2621 326 2689 missa,
342 2640 407 2675 vana
424 2626 501 2690 (quod
518 2626 661 2692 pierumque
676 2626 714 2692 sit)
731 2618 853 2688 caderent,
870 2625 913 2677 sed

164 2703 250 2754 omnia
267 2702 355 2753 librata
366 2703 513 2767 ponderibus
531 2703 679 2767 figmentum
696 2703 840 2767 oneratique
857 2703 912 2754 telis

147 2770 240 2842 Galli,
258 2780 347 2844 quibus
365 2789 408 2831 aut
428 2796 531 2845 corpora
550 2781 676 2843 transfixa,
694 2790 738 2828 aut
757 2790 912 2845 praegravete

164 2855 337 2904 inherentibus
348 2856 465 2919 gerebant
477 2856 552 2920 scuta,
570 2873 645 2921 quum
658 2855 729 2909 cursu
741 2861 803 2922 pene
820 2858 845 2905 in
866 2856 910 2905 ad-

159 2929 263 2980 ›versum
281 2931 403 2995 subissent,
421 2935 502 2998 primo
514 2934 601 2982 incerti
613 2933 733 2993 restitere:
751 2931 816 2994 dein,
833 2947 911 2996 quum

146 3007 216 3081 ..ipsa
225 3006 380 3066 cunetatio&
391 3009 429 3064 his
443 3009 676 3076 animotmInuitIet,
687 3009 712 3062 dt
723 3008 827 3081 duxisset
839 3007 911 3070 hosti,

750 3147 752 3151 Ι
809 3084 910 3153 {inpuid
