1964 3660
359 213 383 262 L
399 212 413 261 I
429 213 449 261 B
465 211 526 261 ER
559 211 608 261 tv.
807 224 863 274 υς

113 300 186 351 tutari
205 300 323 365 potestate
342 290 448 363 suetam,
465 301 497 350 L.
510 300 656 363 Quinctium
673 299 861 368 Cincinnatum*

112 378 215 441 dignum
227 389 327 444 parente
336 379 463 440 juvenem,
480 377 561 426 dixin·
584 377 625 429 Ad
636 376 753 427 delesium
765 384 781 428 a
796 392 860 429 cona

113 455 205 505 sulibua
218 456 330 504 habitum
350 454 505 504 centuriones
521 463 616 503 vctctca
631 453 688 502 belli
699 454 772 520 petiti
789 453 862 517 adjo.

20 548 43 563 ··
115 531 155 596 sii,
178 533 203 582 dc
222 548 340 583 numerus
358 529 498 584 amifforum
513 531 628 597 proxima
642 531 866 600 pugnnexplenu·
940 527 942 530 ’

112 609 224 671 Legatos
234 606 377 670 QuIntIimn
391 606 595 672 Capitolinum&
607 609 647 657 Μ.
659 607 765 657 Fabium
776 606 861 658 Vibuit
883 618 886 623 “

10 742 20 759 .
113 683 197 734 lanum
213 683 281 748 sequi
293 682 431 733 sediiiatot
443 683 518 746 juffit.
553 688 638 746 Quum
656 686 758 753 potestas
768 684 861 750 major,

114 769 169 809 tum
180 762 220 810 vit
231 777 329 826 quoquc
340 759 453 828 potestati
465 774 516 825 pat,
534 760 611 809 hostes
623 775 655 810 ex
671 776 732 825 agro
744 761 861 812 Romane

114 847 181 887 trans
193 837 313 886 Anienem
323 835 479 900 submovere,
497 835 618 901 collesque
633 838 697 888 inter
708 838 810 888 Fidenas
820 848 861 891 απὸ,

113 929 162 979 qne
174 915 296 965 Anienem
304 926 433 982 ceperunt,
449 915 586 964 reserentes·
595 915 685 966 castra:
703 931 749 965 nec
765 917 862 968 antd‘in

11 1032 16 1047 ,
114 1007 215 1058 campos
231 991 411 1057 degressi-sunt,
427 996 500 1056 quam
518 991 627 1054 legiones
644 993 739 1042 auxilio
751 991 861 1041 Falisco·

113 1083 170 1119 rum
186 1079 317 1119 venerunt.
351 1071 421 1117 Tum
431 1066 530 1117 dunum
547 1068 621 1116 castra
637 1067 796 1117 Etruseorum
814 1080 878 1132 pao

10 1199 12 1205 y
114 1144 235 1195 moenibus
246 1145 391 1195 Fidenarum
403 1144 489 1210 posita.
508 1145 532 1194 a
544 1143 648 1195 uitiator
659 1148 785 1195 Romanus
793 1143 862 1196 haud

115 1221 203 1288 procul
221 1222 277 1271 inde
293 1222 324 1272 ad
340 1224 490 1272 confluentes
507 1219 618 1271 consedit
628 1223 654 1270 in
664 1219 790 1285 utriusque
799 1221 862 1286 rtpie

115 1299 203 1361 amnis,
221 1299 269 1362 qud
285 1297 352 1363 sequi
365 1299 518 1348 munimento
532 1308 638 1364 poterat,
654 1296 863 1366 vallointcrpoliv

118 1385 156 1425 to.
181 1374 279 1440 posieto
298 1375 365 1425 dic'
358 1390 384 1424 m
401 1375 587 1425 aciemeduxit.

152 1454 252 1501 XVIII
271 1454 338 1501 Inter
364 1452 443 1502 hostes
464 1452 540 1500 variat
558 1452 627 1502 suere
645 1450 780 1502 sententia.
813 1450 862 1500 Fa·

114 1527 195 1592 meua,
212 1528 298 1594 procul
316 1526 349 1579 ab
368 1527 445 1579 domo
460 1528 573 1577 militiam
593 1531 655 1591 aegre
672 1530 774 1594 patiens,
792 1525 861 1576 satis·

116 1621 165 1673 que
183 1605 260 1656 fidens
276 1605 328 1668 fibi,
354 1605 453 1672 poscere
472 1618 595 1669 pugnam.
619 1605 718 1666 Vejenti
736 1604 861 1654 Fidenati-

116 1697 166 1748 quc
188 1683 241 1748 plus
258 1682 339 1748 spei
333 1697 360 1731 m
380 1680 503 1731 trahendo
523 1680 588 1729 bello
611 1679 667 1728 esse.
702 1672 863 1744 Tolumnius,

114 1766 255 1826 quanquam
270 1757 371 1808 suorum
386 1759 464 1821 magia
481 1757 611 1822 placebant
630 1755 737 1818 consilia,
757 1770 789 1804 ne
805 1755 862 1807 lon·

115 1839 234 1902 ginquam
243 1837 358 1886 militiam
369 1850 420 1885 non
439 1844 580 1900 paterentur
596 1832 691 1894 Falisci,
708 1833 804 1898 postero
820 1832 862 1885 die

114 1914 316 1981 sc'pugnatumm
327 1911 411 1960 edicit.
429 1909 551 1959 Diiiatori
562 1925 591 1957 ac
602 1909 728 1970 Romania,
745 1909 810 1971 qubd
817 1907 861 1957 de·

116 1992 237 2044 aedisset
256 2003 365 2055 pugnam
388 1987 470 2050 hostia,
496 1987 572 2036 animi
591 1984 724 2034 accessere:
753 1985 863 2051 posteroy

115 2085 163 2136 que
174 2069 223 2131 die,
238 2068 290 2131 jam
307 2065 426 2116 militibus
438 2065 512 2115 calita
522 2065 657 2129 urbemque
668 2062 693 2111 sc
704 2073 862 2130 oppugnata.

116 2161 157 2196 τοι
175 2144 344 2224 srementibua‚
361 2144 388 2192 ni
406 2144 479 2209 copia
495 2158 583 2209 pugna
599 2141 650 2205 fiat,
667 2142 783 2205 utrinque
797 2141 863 2193 acie:
881 2157 887 2171 “

116 2225 181 2273 inter
190 2224 249 2273 bina
260 2223 353 2272 castra
346 2239 372 2272 tn
382 2222 492 2272 medium
503 2222 584 2288 campi
595 2218 739 2287 procedunt.
761 2218 863 2284 Vejens,

114 2299 271 2349 multitudine
286 2299 419 2363 abundans,
438 2300 485 2365 qui
501 2300 565 2348 inter
583 2297 769 2347 dimicationem
786 2297 862 2347 casira

116 2380 229 2425 Romana
240 2380 438 2442 aggrederentur,
447 2379 501 2445 posi
511 2389 609 2427 montes
620 2375 786 2426 circummifit.
800 2375 862 2425 Trn-

117 2464 161 2498 um
175 2453 323 2516 populorum
338 2455 459 2503 exercitata
479 2456 514 2503 ita
533 2452 598 2504 net'it
608 2453 742 2515 instrudina,
759 2463 788 2500 ut
799 2451 860 2501 der·

116 2533 182 2575 trum
200 2541 278 2575 comu
297 2528 421 2590 Vejcntea,
439 2530 557 2577 sinistrum
569 2530 655 2579 Falisci
672 2536 791 2589 tenerent,
807 2541 861 2575 nto-
915 2534 918 2547 '

24 2664 27 2671 Ι
116 2600 151 2652 dii
159 2602 285 2651 Fidenates
297 2603 379 2653 client.
389 2604 502 2671 Dldiator
511 2603 600 2655 dextro
606 2602 808 2656 cornuadvctsua
814 2605 862 2650 Fa'·

116 2681 197 2743 liscos,
214 2680 307 2730 finistro
318 2691 405 2730 contra
416 2682 546 2745 chcntem
564 2684 718 2750 Capitolinus
731 2677 862 2742 Quinsiiua

116 2758 202 2810 intulit
212 2756 287 2822 ligna.
312 2768 369 2807 ame
379 2758 485 2808 mediam
495 2760 573 2808 aciem
590 2775 646 2809 cum
660 2759 771 2823 equitatu
782 2754 863 2818 magi-

116 2835 164 2885 ster
180 2836 289 2898 equitum
305 2835 426 2902 proeellit.
461 2839 593 2902 Pammper
609 2837 729 2884 silentium
750 2832 775 2880 ἃ
792 2831 863 2896 quiea

116 2913 173 2976 suit,
190 2928 235 2962 nec
246 2910 360 2977 Emt'scis,
378 2913 421 2964 nili
432 2924 585 2978 cogerentur,
602 2927 709 2980 pugnam
719 2910 823 2973 inituris,
835 2910 864 2965 ὰ

116 2984 238 3045 dittnore
254 3005 336 3043 arcem
349 2993 488 3046 Romanam
505 2988 663 3061 iespeilantc,
678 2997 709 3040 ut
717 2987 749 3040 ab
759 2987 860 3052 augmi-

765 3063 863 3139 ,baa
