1964 3660
151 192 207 247 ἰοῦ
401 188 438 239 Τ.
472 185 629 252 L1v11

151 278 301 332 Volscorum
316 277 342 328 dc
358 279 501 344 AEquorurn-
513 277 615 340 delestu,
632 271 848 339 sustinendo-rem,
866 275 904 326 ab
953 289 965 295 ·

152 356 311 408 seditionibus
327 357 487 423 continuere:
504 356 601 404 urbano
616 367 715 419 quoque
731 354 786 403 otio
797 354 858 404 soris
869 370 898 404 o-

152 435 219 483 mnia
231 434 360 498 tranquilla
377 435 423 482 esse
442 433 595 496 affirmantes,
612 446 656 499 pet
671 430 804 482 discordias
813 433 900 482 civiles

153 522 270 561 externos
281 511 367 563 tollere
377 514 481 562 animos.
511 514 582 558 ›Cura
595 510 673 576 pacis,·
686 509 824 560 concordiae
835 519 900 574 quo·

152 605 200 654 que
212 590 328 639 intestinae
345 588 416 639 causa
430 588 487 639 suit.
522 587 567 638 Sed
578 589 639 637 alter
658 587 753 654 semper
770 587 832 637 ordo
842 603 900 651 gra-

152 668 192 716 vit
203 669 300 718 alterius
314 667 435 718 modestiae
446 677 508 717 erat.
533 665 666 731 quiescenti
678 665 743 732 plebi
754 666 786 713 ab
792 665 899 728 juniori-

151 744 199 794 bus
218 749 318 794 Petrum
335 746 431 808 injuriae
451 744 503 794 sieri
523 754 618 810 coeptae.
641 743 685 791 ubi
698 743 790 791 tribuni
802 743 899 791 auxilio

153 822 324 873 humilioribus
336 822 417 886 essent,
434 824 460 872 in
472 823 555 888 primis
567 835 653 888 parurn
664 820 794 887 proderat:
811 819 901 869 deinde

153 904 185 948 n'e
197 902 240 968 ipsi
257 902 355 967 quidem
373 901 487 952 inviolati
505 909 581 960 erant,
599 901 682 963 utiquc
694 890 819 967 postremis
829 900 898 949 men'·

76 970 80 978 ¹
152 977 225 1042 sibus,
242 995 319 1045 quum
331 980 356 1028 ἃ
376 994 419 1045 per
430 979 550 1028 coitiones
568 979 736 1043 potentiorum
753 977 842 1040 injuria
853 977 900 1026 soi

152 1068 198 1120 ret,
217 1056 242 1106 dt
253 1059 292 1106 vis
309 1058 433 1124 potestatis
452 1057 532 1104 omnis
552 1055 678 1120 aliquanto
692 1054 823 1122 posteriorc
839 1057 899 1106 anni

152 1144 222 1200 parte
242 1135 380 1198 languidior
399 1133 476 1181 fenne
487 1133 557 1181 esset:
573 1133 674 1197 jamque
690 1132 759 1199 plebs
770 1134 804 1182 ita
816 1134 841 1181 in
854 1134 907 1182 triv

153 1210 247 1260 bimatu
267 1226 357 1277 ponere
374 1209 466 1275 aliquid
486 1208 544 1276 spei,
562 1208 578 1256 st
598 1209 684 1258 similes
699 1211 770 1259 scilio
787 1212 901 1261 tribunos

151 1286 269 1337 haberet:
287 1286 388 1335 nomina
403 1290 498 1333 tantum
516 1284 539 1333 sc
551 1284 651 1334 biennio
662 1285 779 1334 habuisse.
814 1290 899 1338 Senio-

150 1376 190 1412 res
206 1369 291 1411 contra
303 1365 410 1424 Parrum,
427 1369 456 1408 ut
466 1360 538 1408 nimis
549 1357 642 1408 seroces
654 1360 709 1410 suos
721 1361 900 1426 crederejuvc-

151 1442 194 1488 nes
208 1437 273 1499 esse;
291 1439 325 1486 ita
344 1437 424 1500 malle,
442 1436 458 1485 sr
478 1435 566 1485 modus
585 1437 739 1487 excedendus
759 1438 823 1503 esset,
840 1441 898 1506 suis,

151 1519 226 1580 quam
244 1511 395 1577 adversariis,
412 1510 530 1578 superesse
546 1513 650 1563 animos.
674 1514 736 1563 adeo
757 1515 898 1567 moderatio

151 1591 248 1642 tuendae
267 1590 393 1656 libertatis,
413 1590 472 1640 dum
484 1591 573 1657 aequari
592 1591 656 1641 velle
677 1591 812 1643 simulando
823 1596 857 1643 ita
874 1593 899 1643 se

151 1669 253 1736 quisque
264 1669 369 1734 extollit,
386 1678 415 1718 ut
426 1667 547 1736 deprimat
557 1669 640 1733 alium,
650 1670 675 1719 in
687 1669 778 1720 difficili
791 1673 838 1720 esi:
855 1688 897 1720 ca-

151 1749 283 1814 vendoque
295 1763 325 1798 ne
337 1758 447 1796 metuant
459 1748 579 1810 homines,
597 1747 741 1797 metuendos
752 1749 817 1797 ultro
827 1748 851 1798 se
860 1747 897 1798 cs·

150 1826 254 1877 ficiunt:
273 1827 297 1878 dc
316 1826 431 1890 injuriam
451 1830 465 1874 ὲ
483 1825 554 1875 nobis
576 1824 705 1892 repulsam,
723 1835 837 1893 tanquam
854 1835 899 1876 aut

149 1902 231 1957 sacerc
243 1915 286 1954 aut
297 1906 349 1972 pati
361 1901 499 1967 necessest,
517 1903 668 1969 injungimus
679 1903 740 1953 aliis.

184 1986 282 2033 LXVI.
301 1987 336 2032 T.
351 1981 479 2046 Quinslius
490 1982 643 2048 Capitolinus
652 1980 800 2048 quartum&
811 1981 898 2048 Agrip·

148 2074 181 2128 pa
201 2061 296 2124 Furius,
315 2060 424 2110 consules
443 2059 498 2108 inde
518 2059 582 2122 fadi,
599 2075 646 2109 nec
661 2059 805 2109 seditionem
820 2060 898 2122 dorni,

148 2153 196 2189 nec
207 2137 268 2186 soris
287 2138 387 2198 bellum,
404 2147 567 2201 acceperunt:
587 2135 628 2184 sed
645 2137 788 2183 imminebat
801 2149 898 2186 utrum-
922 2169 924 2173 -

148 2228 206 2278 que.
236 2216 292 2274 Jam
304 2228 354 2260 non
366 2212 430 2260 ultra
441 2211 561 2260 discordia
573 2212 668 2259 civium
678 2213 778 2276 reprimi
790 2224 897 2278 poterat,

147 2286 291 2338 &tribunis
303 2287 328 2335 dc
345 2285 416 2350 plebe
432 2286 532 2334 incitati
552 2287 578 2333 in
592 2288 683 2347 PatreS,
701 2301 777 2348 quum
788 2282 838 2335 dies
850 2290 894 2336 ali·
947 2296 953 2301 “

147 2364 188 2414 cui
200 2362 322 2411 nobilium
334 2361 396 2410 dista
408 2362 481 2410 novis
499 2361 593 2428 semper
602 2361 776 2411 certaminibus
794 2366 896 2414 concio-

145 2454 190 2491 nes
201 2439 318 2489 turbaret.
342 2439 373 2489 ad
390 2453 494 2505 quarum
508 2440 616 2506 primurn
633 2439 767 2506 strepitum,
785 2443 855 2491 velut
865 2443 896 2492 si-

146 2532 198 2584 gno
207 2530 318 2587 accepto,
330 2535 398 2569 arma
410 2534 495 2586 cepere
506 2520 580 2584 AEqui
595 2535 623 2569 ac
636 2518 734 2570 Volsci:
752 2519 820 2570 fimus
828 2522 896 2588 quod

147 2596 315 2666 persuaserant
337 2599 366 2647 iis
383 2598 464 2661 duces,
490 2597 572 2665 cupidi
591 2597 735 2665 praedarum,
753 2596 832 2650 biennio
855 2618 896 2650 ern-

146 2680 170 2726 i?
191 2677 291 2726 delossum
310 2676 411 2725 indiisum
436 2675 508 2725 baberi
532 2693 572 2726 non
590 2674 688 2744 potuffl
722 2678 824 2728 abnuente
844 2682 896 2747 jam

144 2753 207 2822 plebe
229 2754 351 2820 imperium.
377 2770 400 2803 eo
414 2755 526 2821 ''adversru
536 2755 562 2820 se
578 2772 617 2804 non
634 2755 672 2822 effic
690 2754 757 2822 miffar
782 2759 894 2808 exercitus.

147 2829 232 2894 diffolvi
247 2831 331 2880 licentis
347 2830 453 2879 militandi
464 2846 553 2880 rnorem.
580 2846 616 2880 nec
624 2841 665 2896 pro
676 2833 779 2881 communi
791 2834 841 2896 jam
851 2845 894 2899 pa-

146 2908 192 2955 tria
203 2909 293 2955 Romam
305 2904 350 2975 effe.
373 2907 470 2974 quicquid
479 2908 560 2956 irarum
566 2906 737 2971 fimultatumque
748 2923 794 2955 cum
806 2910 897 2959 externis

108 3035 114 3053 Ι
140 2981 223 3050 suerit,
240 2985 263 3035 in
279 2985 334 3050 ipsos
346 2987 419 3039 verti.
429 2994 548 3054 occatam
564 2983 623 3051 lupos
639 2983 737 3049 intestina
752 2987 812 3036 rabie
821 2987 895 3101 oppgl}

822 3066 856 3104 me
