1964 3660
376 189 616 244 L1snnv.
818 198 868 251 297

61 323 64 327 .
117 277 218 347 juvenis
228 279 354 333 Romanus
369 278 452 331 senem
462 280 596 344 infirmum,
607 279 634 329 in
643 273 774 345 conspeiiu
785 274 868 325 omni·

120 371 164 407 um
175 369 282 426 raptum,
298 359 463 425 nequicquam
477 351 685 409 tumultuantibus
702 352 818 418 Etruscis,
835 341 869 402 ad

60 472 63 476 .
119 431 176 483 suos
187 435 316 485 tranllulit.
338 435 382 500 qui
399 449 476 500 quum
493 432 623 502 perduiius
634 432 666 483 ad
683 435 868 498 imperatorem,

118 509 178 561 inde
194 513 302 560 Romam
321 510 351 560 ad
371 507 482 561 senatum
498 509 582 561 militis
598 507 663 573 effet,
680 506 868 570 sciscitantibus,

118 583 237 652 quidnam
248 584 274 635 id
290 585 355 649 essct,
372 585 441 651 quod
458 584 488 635 dc
502 585 558 635 lacu
569 584 668 635 Albano
684 581 811 644 docuisset,
827 578 868 630 re‘·
953 597 956 602 ·

119 661 234 729 spondit:
257 661 360 728 Proselii
369 663 436 712 iratos
446 663 508 712 Deos
519 662 603 728 Vejenti
617 660 694 729 populo
707 658 743 710 illo
748 657 815 724 fuiffe
825 657 868 720 die,

118 754 157 809 gito
162 737 205 803 fiii
215 754 263 788 eam
274 748 368 789 mentem
378 736 500 804 objeciffent,
508 745 533 787 us
542 738 645 787 excidium
652 737 728 804 patrie
733 735 807 800 fatale
813 744 869 800 pro·

119 815 188 866 deret.
205 817 284 884 itaque,
301 825 399 883 quatum
411 814 511 864 cecinerit
521 814 596 866 diviso
610 815 694 882 spiritu
708 811 824 877 instindus,
841 823 868 859 ea

112 892 202 960 senec,
219 901 244 942 ut
262 893 341 942 inniiia
354 890 409 957 fini,
425 905 529 939 revocare
541 887 614 956 poffn
629 890 656 940 dr
667 889 752 939 tacendo
763 887 867 952 fosfitaii,

69 1002 72 1010 ·
118 983 162 1035 que
171 968 215 1018 Dii
224 969 356 1018 immortales
365 967 454 1034 vulgari
464 966 541 1030 velint,
559 965 617 1015 baud
626 966 704 1034 minus,
720 966 785 1030 pedm
796 963 868 1011 celan·

118 1043 148 1094 da
158 1042 247 1108 effizndo,
263 1060 290 1093 ne
301 1059 327 1094 as
336 1042 440 1093 cononi.
474 1042 510 1090 Sic
520 1042 588 1109 {gitur
597 1041 657 1091 libris
662 1038 777 1107 fatalibus,
788 1037 822 1102 fic
832 1037 868 1086 di·

114 1122 210 1188 sciplind
221 1121 315 1190 Etrusci
331 1121 434 1172 traditum
445 1119 492 1188 effe,
505 1128 530 1170 iit
545 1119 625 1187 quando
639 1135 694 1186 aqua
705 1114 791 1168 Albana
802 1112 868 1164 abui·

118 1196 193 1263 differ,
209 1206 264 1263 troii,
275 1198 298 1264 fi
306 1214 354 1248 eam
363 1198 471 1248 Romanus
480 1198 525 1247 riti
540 1197 643 1266 emissffet,
659 1195 776 1245 'viiioriam
787 1194 812 1242 de
824 1193 868 1260 Ve-

112 1275 209 1344 jentiiiis
219 1276 277 1326 dati.
293 1283 404 1342 antequam
413 1276 493 1341 idfiat‚
505 1277 566 1326 Deos
577 1277 654 1325 menia
664 1269 787 1348 Visentium
796 1274 867 1339 deser·

64 1349 68 1360 “
119 1359 179 1421 troes
190 1367 229 1402 non
241 1351 302 1418 effe.
320 1352 507 1419 Exsequebatur
526 1351 591 1422 inde,
609 1368 663 1418 quae
682 1346 786 1402 solennis
802 1349 867 1400 deri·

120 1430 192 1480 vatio
202 1428 269 1479 eli'et.
303 1430 348 1480 Sed
359 1429 483 1483 austorcm
494 1430 585 1494 levem,
602 1445 648 1481 nec
666 1429 723 1480 satis
737 1428 815 1479 fidum
826 1427 867 1478 su·

118 1522 163 1577 per
179 1517 246 1557 tanta
261 1522 288 1557 re
303 1509 385 1558 Patres
402 1508 457 1570 rati,
475 1505 616 1573 decrevere,
633 1507 727 1577 legatos
742 1506 869 1574 sortesque

120 1583 213 1637 oraculi
225 1585 326 1651 Pythici
335 1584 520 1652 exspeilandas.
694 1576 697 1581 ’

119 1660 121 1665 ’
152 1662 226 1711 XVI.
244 1661 412 1727 Priusquama
424 1661 523 1727 Delphis
536 1671 646 1712 oratores
656 1660 772 1724 redirent,
788 1660 867 1710 Alba·

117 1737 177 1788 nive
188 1735 296 1803 prodigii
307 1735 401 1802 piacula
415 1735 594 1800 invenirentur,
612 1737 674 1786 :rivi
690 1735 783 1785 tribuni
800 1735 868 1784 mili·

117 1823 172 1862 tuin
192 1809 315 1861 consulari
332 1811 459 1878 potestate,
477 1813 508 1862 L.
529 1812 710 1877 Jiilius·Juius,
728 1813 760 1860 L.
778 1811 869 1862 Furius

119 1887 271 1937 Medullinus
282 1893 407 1957 quartum,
419 1888 451 1936 L.
464 1888 561 1951 Sergius
573 1887 684 1950 Fidenas,
703 1890 735 1936 A.
746 1886 867 1937 Poll'umi·

58 2007 67 2020 ,
118 1975 150 2013 ns
163 1961 311 2028 Regillensis,
329 1966 357 2013 Ρ.
369 1957 495 2015 Cornelius
504 1953 685 2027 Maluginensis,
704 1967 736 2012 Α.
748 1964 868 2028 Manlius,

66 2026 75 2038 “
120 2037 420 2105 ωεςίῆηωῐηίηίεωητ,
451 2041 490 2088 Eo
509 2052 579 2086 anno
595 2037 785 2105 Tarquinienses
803 2039 867 2100 novi

120 2115 200 2167 holles
213 2107 304 2167 exorti.
322 2117 381 2183 quia
397 2115 468 2165 limul
483 2115 567 2166 multis
576 2116 653 2180 bellis,
671 2115 868 2169 Volscoiuin'ad

120 2197 220 2258 Anxur,
235 2193 280 2251 ubi
294 2192 433 2262 praeiidium
444 2193 609 2265 obsidebatur,
624 2198 764 2260 AEquoruin
776 2195 807 2246 ad
818 2197 868 2246 La·

117 2271 199 2333 vicos,
216 2271 261 2335 qui'
278 2273 416 2321 Romanam
433 2269 472 2320 ini
489 2271 613 2322 coloniam
630 2271 815 2338 oppugnabant,
832 2271 867 2325 ad

117 2345 168 2396 hoe
176 2345 276 2408 Vejeiiti
288 2360 386 2413 quoqne
398 2345 424 2396 de
435 2344 566 2396 Falisco&
580 2347 701 2414 Capenati
713 2347 779 2397 bello
788 2363 866 2398 occu·

118 2432 191 2490 patos
199 2421 319 2473 videbant
327 2425 463 2486 Romanos,
473 2437 518 2472 nec
526 2423 590 2472 intra
598 2438 682 2473 muros
690 2423 812 2489 quietiora
819 2438 866 2474 ne·

118 2497 189 2560 gotia
200 2492 250 2544 effe·
265 2496 443 2545 certaminibus·
456 2499 556 2547 Patruini
575 2514 604 2546 ac
621 2499 713 2565 piebis;
731 2503 795 2548 inter
812 2501 866 2550 haee

116 2573 203 2623 locum
212 2569 307 2634 injurie
317 2572 364 2622 rati
373 2569 428 2634 effe,
445 2573 578 2639 praedatum
589 2574 614 2622 in
629 2589 715 2638 agrum
724 2576 867 2629 Romanum
949 2569 952 2574 ’

119 2648 235 2700 cohortes
246 2647 373 2714 expeditas
383 2649 495 2698 mittunt.
513 2659 558 2699 aut
566 2650 632 2700 enini
641 2651 750 2717 passuros
761 2653 868 2704 inultam·

119 2741 175 2775 eam
192 2723 310 2788 injuriam
326 2726 460 2788 Romanos,
477 2740 508 2775 ne
519 2742 588 2775 novo
603 2728 668 2777 bello
680 2727 704 2776 se
716 2739 868 2780 onerarent:

118 2814 165 2854 aut
177 2803 279 2867 exiguo,
298 2813 378 2868 eoque
393 2818 480 2870 parum
490 2802 583 2869 valido,
600 2807 712 2855 exercitu
723 2796 866 2874 persecutu-
942 2842 945 2847 -

119 2895 170 2933 nos.
205 2881 324 2932 Romanis
340 2880 477 2946 indignitas·
495 2881 574 2945 major
591 2889 664 2950 quiin
675 2893 742 2948 cura,
759 2885 868 2952 popula·-

120 2959 200 3014 tionis
209 2958 425 3030 Tarquinienfium
437 2959 493 3010 fuit.
512 2975 542 3014 eo
552 2976 598 3018 net
608 2976 699 3032 magno
711 2971 803 3015 conatu
814 2962 868 3013 suf-

434 3039 550 3106 Ns'·
680 3132 682 3136 μ
762 3042 870 3112 'etim
