1964 3660
366 241 535 295 LIBER
569 232 603 294 vss
812 254 862 303 29³

116 329 169 381 aeria
180 321 328 395 graviorem
346 331 501 393 condemnat,
519 329 685 394 nequicquam
697 323 782 390 Sergio
794 329 863 375 Mar-

115 417 166 456 tem
182 421 341 458 communem
360 408 417 456 belli
435 405 607 470 fortunamque
619 403 760 467 accusante,
779 403 864 468 Virgi-

114 485 159 533 uio
169 481 323 550 deprecante,
341 499 371 532 ne
384 483 507 533 infelicior
518 483 595 546 domi,
613 486 687 546 quam
705 481 809 544 militiae,
827 478 864 528 es·

114 557 161 610 set.
196 563 225 611 In
236 561 282 610 hos
294 559 364 610 versa
375 562 411 610 ira
423 560 512 627 ¹populi
524 558 691 626 cooptationis
706 557 864 631 tribunorum

115 635 264 702 fraudisque,
282 648 368 688 contra
384 639 464 701 legem
482 635 637 685 Treboniam
653 633 728 697 saliae,
746 633 865 705 memoriy

116 729 158 783 am
172 714 301 764 obscuram
318 715 387 764 secit.
422 712 534 763 Victores
551 710 654 774 tribuni,
671 722 700 760 ut
719 709 866 783 praesentem

115 791 252 841 mercedem
261 792 349 856 judicii
361 791 448 859 plebes¹
458 791 567 854 haberet,
584 791 664 853 legem
674 790 794 853 agrariam
806 804 865 855 pro·

115 869 236 934 mulgant,
254 871 422 934 tributumque
442 867 549 919 conserri
568 866 718 934 prohibent:
736 882 813 931 quum
826 851 866 919 toi

116 946 268 999 exercitibus
280 945 399 1014 stipendio
408 961 471 1012 opus
482 944 547 1010 esset,
559 944 644 1009 resque
656 944 749 993 militia
761 943 795 992 ita
806 958 866 1010 prof

115 1022 183 1089 spere
194 1036 342 1088 gererentur,
359 1035 387 1073 ut
406 1023 475 1073 nullo
492 1022 558 1072 bello
576 1022 703 1091 veniretur
720 1020 751 1071 ad
768 1014 866 1075 exitum

116 1098 177 1168 spei.
194 1116 299 1167 namque
311 1101 380 1164 Vejis
399 1100 481 1163 castra,
500 1114 554 1164 quae
565 1098 649 1149 amissa
667 1109 743 1163 erant,
760 1113 865 1164 recupe-

116 1187 170 1227 rata
182 1177 281 1228 castellis
292 1176 454 1244 praesidiisque
465 1175 602 1226 firmantur.
637 1178 758 1226 Praecrant
770 1175 865 1225 tribunt

115 1252 223 1302 militum
235 1255 274 1302 M.
284 1254 397 1303 AEmilitu
408 1253 434 1303 o:
448 1255 481 1302 K.
496 1252 595 1302 Fabius.
623 1253 663 1301 Μ.
676 1254 752 1302 Furio
772 1252 799 1303 in
816 1252 864 1323 Fa3

115 1327 188 1393 liscis,
207 1331 232 1380 sc
253 1333 299 1381 Cn.
319 1330 435 1381 Cornelio
453 1330 478 1380 iu
500 1333 624 1397 Capenate
640 1345 700 1394 agro
714 1330 792 1381 hostes
803 1329 866 1382 nulli

116 1415 187 1456 extra
199 1408 289 1457 moenia
300 1407 413 1469 inventi:
432 1405 516 1474 praedae
527 1405 593 1470 aaz,
611 1406 777 1474 incendiisque
791 1407 864 1456 villa.

115 1498 173 1534 rum
184 1500 213 1534 ac
229 1483 330 1550 frugum
346 1487 434 1547 vastati
447 1484 523 1536 fines:
542 1483 634 1553 oppida
648 1496 801 1553 oppugnata,
818 1478 865 1541 ne'c

115 1559 210 1611 obsessa
221 1559 286 1613 sunt.
321 1567 356 1614 At
367 1561 508 1626 iuVolscia,
524 1561 676 1630 depopulato
687 1576 756 1626 agro,
774 1565 865 1619 Anxur
950 1572 953 1583 ¹

91 1662 93 1667 v
115 1630 277 1705 nequicquam
295 1650 477 1708 oppugnatam,
492 1639 560 1700 loco,
570 1638 622 1688 alto
638 1637 711 1688 stum
720 1658 729 1700 3
746 1638 779 1703 dc,
796 1639 864 1707 poll·

116 1730 192 1781 quam
202 1716 243 1765 vir
253 1716 326 1765 irrita*
338 1726 400 1781 erat,
417 1717 485 1767 vallo
504 1714 617 1781 fossaque
628 1712 732 1765 obsideri
744 1725 863 1783 coeptum'.

116 1792 219 1842 Valerio
231 1793 315 1842 Potito
326 1791 412 1842 Volsci
427 1792 558 1858 provincia
569 1782 696 1841 evenerat.
729 1781 786 1844 Hoc
800 1791 865 1853 statu

113 1866 260 1918 militarium
268 1883 357 1931 rerum,
367 1867 454 1925 seditio
466 1867 579 1919 intestina
587 1858 682 1933 maiore
693 1860 758 1918 mol'e
767 1858 864 1939 coorta',

114 1948 190 2009 quam
205 1943 271 1992 bella
286 1945 461 1995 trailabantur.
479 1945 520 2008 ἃς
530 1958 609 2010 quum
624 1943 744 1997 tributum
755 1944 865 1999 conferri

114 2035 161 2089 per
170 2020 284 2072 tribunos
294 2037 346 2073 uon
356 2022 442 2090 posset,
458 2036 506 2072 nce
517 2012 865 2088 stipendium'imperatoribue

114 2098 262 2162 mitteretur,
274 2114 370 2166 araque
377 2100 495 2153 militaria
505 2100 629 2166 flagitaret
639 2098 716 2162 miles,
728 2097 794 2173 haud
803 2090 863 2169 pro'·
908 2142 913 2151 .

115 2175 156 2227 cul
167 2187 227 2241 erat,
244 2178 305 2243 quin
320 2178 395 2229 castra
409 2194 508 2245 quoque
519 2178 620 2231 urbanae
636 2175 761 2228 seditionis
776 2190 863 2231 conta-

114 2251 191 2318 gione
201 2253 367 2306 turbarentur.
377 2258 445 2307 Inter
455 2255 498 2306 has
507 2256 555 2306 iras
561 2253 641 2324 plebia
648 2254 676 2303 in
684 2255 775 2318 Patres,
785 2270 863 2320 quum

113 2327 208 2379 tribuni
219 2329 297 2396 plebis
308 2346 373 2381 nune
385 2331 444 2383 illud
456 2343 552 2400 tempus
564 2329 611 2381 else
619 2330 730 2381 dicerent
738 2330 862 2384 stabilien-

114 2405 152 2459 dae
160 2405 286 2470 libertatis,
303 2408 328 2458 ἃ
339 2408 372 2458 ab
382 2410 470 2473 Sergiis
481 2406 651 2473 Virginiisque
661 2406 693 2457 ad
703 2407 812 2474 plebeios
821 2411 863 2460 vi·

115 2494 157 2531 ros
168 2479 245 2530 sortes
255 2497 285 2530 ac
296 2482 405 2538 strenuos
414 2480 576 2535 transferendi
586 2483 677 2533 sumus
684 2483 785 2532 honoris
791 2503 798 2544 ;
809 2500 863 2538 uon

114 2567 199 2606 tamen
209 2556 274 2606 ultra
284 2556 419 2620 processum
428 2559 470 2621 est,
487 2564 561 2625 quam
578 2569 606 2609 ut
613 2573 680 2608 umu
688 2573 720 2608 ex
729 2559 814 2625 plebe,
831 2575 862 2610 u·

115 2629 232 2697 surpandi
240 2630 302 2693 juris
315 2632 396 2694 causa,
413 2635 441 2681 P.
453 2633 668 2684 Liciniua.caluuc
677 2632 788 2683 tribunus
796 2633 862 2701 mili·

115 2715 169 2756 tum
180 2703 302 2754 consulari
318 2707 437 2772 potestate
446 2717 584 2758 crearetur:
601 2708 678 2759 ceteri
685 2708 784 2776 patricii
793 2699 863 2777 crea·

115 2783 135 2834 ti
147 2785 175 2832 P.
187 2783 301 2846 Manius,
318 2785 350 2840 L.
361 2783 479 2848 Titinius,
496 2786 525 2834 Ρ.
536 2784 643 2849 Maelius,
659 2786 692 2834 L.
705 2785 793 2835 Furius
804 2788 862 2836 Me·

114 2855 231 2918 dullinut,
248 2859 280 2908 L.
292 2858 412 2910 Publilius
418 2858 534 2910 ,Volsone
549 2859 605 2928 Ipsa
620 2860 702 2928 plebes
716 2859 863 2929 mirabatur,

114 2932 141 2985 se
149 2944 243 2993 tantam
253 2950 306 2985 rem
316 2933 448 2986 obtintu'll'e
455 2954 463 2997 ;
479 2951 532 2988 non
546 2936 659 3002 ismodb,
671 2938 713 3004 qui
725 2949 820 2990 creatus
835 2954 861 2990 e·

114 3019 166 3078 tat,
179 3010 221 3062 vir
227 3010 300 3064 nullia
310 3015 366 3065 ante
376 3010 588 3082 honoribuausus,
603 3023 676 3070 vetto
686 3013 862 3087 saumaricum

461 3090 489 3143 N
503 3103 519 3153 3
809 3102 859 3161 tor,
