1964 3660
29 172 31 176 '
122 189 167 246 gt-
381 184 609 239 T.Lrv11

12 316 20 325 .
118 271 271 338 frequentius
282 271 442 339 habitaretur,
454 291 511 326 earn
522 276 603 326 sedem
614 276 703 326 Tullus
711 276 783 342 regia
793 279 869 347 capit,

119 340 204 415 ¹bique
221 350 353 402 habitavit.
387 355 510 421 Principes
524 355 697 405 Albanorum'
690 370 717 404 nr
734 358 823 419 Patres,
839 366 870 408 ut

121 440 151 476 ea
159 441 259 492 quoque
270 443 325 494 pars
336 430 477 496 reipublicae
494 430 611 481 cresceret
612 431 689 495 ,legit
698 431 804 495 Tullios,
814 436 867 482 Ser·

117 503 201 566 vilios,
215 505 339 571 Quintioa,
363 507 495 573 Geganius,
519 508 649 570 Curiatios,
670 507 782 558 Cloelios:
804 517 868 556 tem·

117 578 236 647 piumque
247 581 328 632 ordini
345 583 376 634 ab
388 582 412 633 se
420 583 492 635 antio
506 585 599 635 curiam
610 584 749 650 fecit,‘quae
759 583 869 647 ¹Hostilia

117 654 196 723 usque
206 658 237 709 ad
248 668 347 725 patrum
354 660 492 711 nostrorum
501 670 596 712 aetatem
607 661 726 728 appellata
735 660 776 709 eil.
794 659 828 724 a,
839 668 869 710 ut

116 734 234 784 omnium
240 736 356 787 ordinum
364 739 458 790 viribus
469 738 562 804 aliquid
573 754 604 788 ex
615 753 686 788 novo
699 737 793 805 populo
804 736 879 800 stoji-¹

116 821 221 877 cerentr,
232 815 344 880 equitum
352 816 544 866 decemturmas
557 829 590 865 ex
599 815 699 864 Albanis
710 815 777 880 legit.
790 813 865 877 Legi-

115 903 177 940 ones
191 890 216 942 &
231 903 325 944 veteres
334 893 422 945 eodem
433 893 601 960 supplemento
612 892 732 958 explevit
750 891 866 941 &novas
891 937 892 940 ,

115 961 219 1033 scripsrr.
253 972 308 1021 Hac
318 969 511 1022 fiduciiairium
524 970 613 1019 Tullus
624 969 717 1018 Sabinis
728 967 837 1016 bellum
829 981 866 1019 ιιι·

114 1039 191 1094 (licit
183 1047 269 1109 ,genti
279 1049 307 1098 ei
318 1048 459 1117 tempestate
468 1045 600 1097 secundum
610 1043 723 1096 Etruscos
732 1043 865 1112 opulentis-

115 1116 181 1172 srmae
190 1123 249 1172 viris
260 1124 389 1190 armisque.
423 1123 560 1186 Utrinque
554 1139 587 1184 ιιι]
581 1122 647 1170 uriae
656 1119 731 1183 satta,
740 1134 813 1168 acres
821 1133 864 1168 nc-

54 1264 57 1267 ·
114 1196 250 1262 quicquam
265 1209 334 1248 erant
349 1197 467 1264 repetita.
503 1197 599 1259 Tullus,
611 1195 640 1244 ad
653 1195 762 1244 Feroniae
778 1193 865 1245 sanum

114 1283 226 1324 mereatu
241 1271 363 1338 frequenti
378 1272 542 1333 negotiatores
559 1275 684 1321 Romanos
702 1269 864 1337 comprehen-

114 1343 163 1410 sos,
172 1350 333 1414 querebatur:
354 1350 444 1412 Sabini,
456 1348 510 1398 suos
522 1348 621 1416 priusin
629 1347 712 1395 lucum
720 1345 863 1409 confugisse,

114 1437 145 1473 ac
155 1427 366 1478 Romaeretentos.
384 1426 421 1476 har
430 1423 513 1476 mulsae
524 1423 580 1473 belli
589 1421 736 1473 ferebantur.
771 1421 864 1488 Sabini,

114 1503 182 1552 baud
192 1507 280 1570 partlm
297 1518 426 1566 memoret,
444 1502 470 1551 ἃ
484 1500 581 1551 suarum
600 1499 693 1549 virium
703 1508 798 1564 partem
810 1502 861 1548 Ro-

114 1593 163 1630 mo
173 1579 206 1629 ab
216 1582 294 1631 Tatio
310 1581 426 1645 locatam,
444 1579 469 1629 ἃ
480 1581 618 1629 Romanam
634 1591 687 1624 rem
699 1590 778 1640 nuper
787 1575 862 1624 etiam

63 1668 66 1675 ⁴
114 1653 252 1718 adjetione
262 1657 349 1723 populi
365 1650 454 1706 Albani
466 1652 569 1716 austum,
586 1650 769 1719 circumspicere
781 1651 805 1699 &
817 1650 862 1717 ipfr

114 1743 218 1782 externa
236 1732 338 1783 auxilia.
373 1729 470 1783 Etmria
484 1739 536 1780 erat
551 1729 643 1790 vicina,
663 1727 772 1795 proximi
788 1728 862 1779 Etru·

113 1805 212 1858 storum
223 1807 348 1871 Veientes.
372 1809 441 1874 Inde,
459 1810 492 1862 ob
503 1805 734 1859 refiduasbellorurn
745 1809 792 1860 iras
808 1822 861 1858 ma·

112 1885 182 1935 xime
192 1884 326 1936 sollicitatis
337 1884 367 1935 ad
378 1885 539 1938 desetlionem
547 1884 642 1947 animis,
653 1884 863 1936 voluntariostra-

103 1975 183 2012 *xero
212 1962 238 2012 ἃ
255 1961 321 2028 apud
337 1976 415 2026 vagos
429 1961 547 2030 quosdam
559 1975 591 2011 ex
608 1961 680 2028 inopi
696 1960 768 2028 plebe
786 1961 862 2011 etiarn

112 2051 206 2088 merces
217 2037 305 2088 valuit.
340 2036 442 2089 Publico
452 2038 548 2091 auxilio
559 2037 627 2086 nullo
637 2035 715 2099 adjuti
726 2035 789 2088 sunt.
816 2050 860 2085 va-

112 2113 208 2179 luitque
226 2112 292 2180 apud
307 2114 422 2175 Vejenes
397 2114 512 2192 calnam
526 2114 556 2163 de
568 2114 653 2163 ceteris
672 2112 754 2162 minus
770 2113 861 2162 mirum

8 2251 11 2257 Ι
112 2189 156 2253 ert)
168 2187 237 2254 parta
254 2190 388 2237 cumRom
428 2159 594 2236 induciarum
605 2186 673 2236 fides
709 2191 794 2274 Quum
808 2185 859 2235 bel.

112 2264 165 2314 lum
183 2265 298 2332 utrinque
309 2263 403 2312 summi
413 2278 461 2329 ope
472 2272 593 2328 pararent,
610 2263 723 2326 vertique
737 2264 764 2311 in
780 2276 861 2314 corea

111 2340 246 2400 videretur,
265 2340 314 2388 utri
326 2341 392 2406 prius
403 2354 470 2388 arma
482 2337 605 2401 inferrent,
618 2347 725 2403 occupat
736 2337 840 2386 Tullus
832 2352 860 2388 ιιι

112 2431 200 2480 agrum
209 2414 325 2463 Sabinum
339 2413 446 2463 transire.
480 2416 566 2478 Pugna
580 2424 653 2464 atrox
663 2412 695 2462 ad
705 2413 791 2462 silvam
801 2416 859 2462 Ma-

10 2527 13 2530 ·
112 2491 219 2546 litiosam
229 2489 285 2539 suit.
303 2489 347 2540 ubi
358 2490 384 2539 δι
395 2489 505 2556 peditum
518 2489 617 2555 quidem
634 2489 731 2551 robore,
748 2492 860 2541 cete'rrlm

112 2571 224 2635 equitatu
235 2566 306 2617 antio
322 2581 408 2633 nuper,
426 2561 559 2634 plurimum
570 2568 684 2616 Romana
694 2566 758 2617 acies
768 2566 864 2619 valuit,

111 2647 154 2697 Ab
162 2644 286 2712 equitibus
293 2646 392 2710 repente
403 2643 505 2693 invectis
516 2643 607 2693 turbari
620 2643 716 2694 ordines
723 2643 779 2694 sunt
790 2643 857 2692 Sabi-

112 2738 202 2776 norum
212 2740 218 2771 :
232 2737 278 2772 nec
285 2736 366 2787 pugna
374 2720 461 2770 deinde
471 2721 517 2785 illis
529 2721 645 2789 constare,
652 2737 698 2774 nee
708 2723 768 2787 luga
778 2721 857 2789 expli-

103 2799 162 2850 cari
174 2798 223 2847 sme
233 2813 323 2861 magna
333 2805 398 2848 caede
409 2798 500 2868 potuit.

146 2876 246 2922 xxxl.
267 2873 376 2924 Devii’tis
385 2874 485 2936 Sabinis,
497 2889 574 2939 quum
585 2876 610 2925 in
621 2887 710 2939 magna
718 2873 796 2938 glorta
803 2886 856 2923 ma

111 2946 213 3016 gnisque
224 2951 311 3031 opibus
320 2966 423 3017 regnum
434 2951 503 3004 Tulli
514 2967 543 3003 ac
557 2962 610 3005 tota
620 2965 657 3003 rra
666 2953 780 3004 Romana
791 2942 874 3032 ellet,

750 3021 854 3072 nuncia·
