1964 3660
140 166 174 230 u*
397 168 622 232 r.n1vrr'

137 257 251 308 novitate
267 257 340 310 etiam
354 263 389 311 rei
399 267 470 329 moti,
488 279 516 317 ut
527 285 610 333 regem
620 274 761 326 Romanum
781 278 885 330 concio-¹

136 346 234 384 nantem
252 337 371 403 audirent,
389 345 498 407 proximi
516 348 652 398 constitere.
687 355 727 401 Ex
744 355 882 421 composito

135 422 229 460 armata
241 413 405 468 circumdatur
416 421 527 470 Romana
541 423 615 488 legio.
645 430 827 480 centurionibus
839 430 882 482 da·

134 489 189 535 tum
203 492 334 552 negotiu*
344 505 403 559 erat,
420 507 449 545 ut
460 497 508 547 fine
521 515 592 549 mora
606 504 708 569 imperia
720 506 900 572 exsequerem,

133 571 182 612 tur.
218 569 287 616 Tum
297 570 332 618 ita
344 573 431 622 Tullus
439 576 508 624 infit:
529 579 627 642 Romani,
634 579 656 643 fi
666 597 755 646 unquam
765 585 882 634 antiolius

103 672 105 676 ⁴
131 639 174 688 ulla
184 643 207 690 in
217 645 326 709 bellosuit,
343 650 396 713 quid
401 653 500 716 primum
506 655 560 703 Diis
571 656 724 705 immortalibus
730 662 817 724 gratias
828 679 879 727 age-

131 717 193 781 retis,
217 722 289 770 deinde
306 725 381 788 vestre
396 727 488 792 ipsorum
504 732 592 794 uirtuti,
615 731 731 794 beslernum
742 735 766 781 id
776 737 880 800 proelium

125 792 184 857 fnit.
198 796 334 846 Dimieatnm
345 800 375 862 esi
386 803 441 850 errirn
453 821 493 852 non
503 807 572 870 magis
583 802 630 854 cum
641 806 736 869 hostibus,
751 811 823 874 quim,
835 825 879 877 que

129 869 240 923 dimicatio
251 877 320 940 onajor
328 886 388 944 atque
394 880 527 944 perieulofior
537 882 574 945 esl,
594 899 640 930 curn
649 884 767 947 proditione
775 901 800 932 ae
806 889 876 952 perfi-

63 942 65 946 ’
129 944 285 1013 diasotiarum.
320 959 394 1019 Nam,
405 972 431 1005 ne
441 971 480 1004 uos
487 959 546 1024 salsa
563 960 632 1023 opinio
649 968 727 1022 teneat,
746 960 877 1027 insessurum

128 1028 212 1081 Albani
215 1030 298 1096 subiere
309 1032 337 1079 ad
345 1042 442 1082 montet:
459 1049 496 1089 nec
506 1036 620 1099 imperium
632 1035 684 1083 illud
691 1052 768 1099 merlin,
780 1039 821 1101 fid
827 1055 875 1088 con.

109 1131 111 1135 ·
121 1106 197 1170 filium
217 1109 244 1157 dr
255 1109 342 1172 imperii
349 1108 459 1170 simulatio
469 1109 535 1170 fuit:
560 1119 583 1158 ut
594 1125 638 1171 nee,
655 1112 715 1160 uobis
732 1113 875 1175 ignorantibus

126 1181 195 1242 deseri
206 1195 253 1241 uos,
270 1191 406 1232 everteretur
416 1185 432 1228 a*
441 1183 555 1231 certamine
566 1185 661 1242 aninzu53
685 1185 711 1234 dr
722 1185 818 1250 hostibus,
830 1190 873 1237 cir-

126 1256 277 1320 cumvenirise
285 1260 301 1304 a*
309 1265 367 1324 tergo
378 1259 440 1319 rotis,
452 1268 521 1306 terror
531 1276 555 1306 ac
561 1261 619 1326 suga
630 1261 760 1322 injiceretur.
788 1267 840 1312 Nec
848 1282 874 1327 ee

125 1331 196 1396 eulpa,
217 1347 280 1395 quam
298 1349 371 1398 urguo,
389 1335 481 1381 omnium
498 1333 631 1382 Albanorum
646 1334 684 1396 est.
718 1337 794 1384 ducem.
804 1341 874 1402 secreti

118 1414 187 1479 sunt:
205 1418 229 1457 ut
240 1410 266 1457 dr
275 1425 322 1470 ves,
329 1409 350 1471 si
360 1412 398 1476 qui
412 1410 504 1478 ego-inde
512 1427 588 1476 agmen
597 1410 701 1458 declinare
712 1412 826 1478 voluiffim,
831 1418 872 1478 fo.

122 1486 207 1553 cissent.
228 1486 318 1533 Mettus
329 1484 363 1532 ille
374 1485 404 1547 est
414 1483 486 1534 dulim
495 1487 578 1534 itineris
587 1485 655 1548 lesus,
665 1487 756 1534 Mettus
766 1488 822 1536 idem
831 1490 869 1538 bre.

117 1561 158 1625 jera
169 1561 360 1624 machinatorbelli,
371 1563 652 1626 Mettus‘soederisliomani
659 1562 778 1629 Albanique
785 1576 870 1630 ruptor.

122 1639 213 1689 Audeat
228 1639 301 1688 deinde
314 1639 367 1687 talia
377 1640 438 1702 aliur,
455 1639 494 1702 nist
512 1641 534 1688 in
550 1639 602 1687 bunc
612 1638 689 1705 insgne
697 1640 747 1702 jana
759 1641 869 1693 documen-

121 1727 169 1769 tum
179 1715 300 1764 mortalibus
311 1716 393 1765 dedero.
429 1717 588 1765 Centuriones
596 1716 688 1765 »armati
703 1720 810 1765 Mettum
822 1719 868 1769 cir·

121 1793 268 1844 eumfistunt.
286 1807 330 1843 rex
341 1803 429 1858 cetera,
444 1804 474 1842 ut
485 1794 552 1843 orsus
561 1804 620 1857 etat,
634 1796 737 1860 peragit.
759 1797 868 1859 Quodba-

120 1887 179 1933 num,
186 1869 293 1935 faustum,
305 1870 401 1936 felixque
411 1871 443 1935 st
451 1871 526 1936 populo
542 1873 636 1920 Romano
651 1885 676 1918 oc
687 1869 747 1933 inibi,
762 1869 867 1936 uobisque,

119 1948 211 2010 Albani,
221 1947 322 2014 papulum
333 1964 415 1997 omnun
427 1949 535 1998 Albanum
546 1951 636 1997 Romam
648 1947 756 1995 traducere
764 1947 785 1996 in
796 1949 867 1997 anime

119 2028 163 2089 θῇς
174 2028 287 2077 civitatem
296 2026 347 2075 dare
352 2025 422 2092 plebi;
431 2028 538 2092 primores
546 2031 569 2074 in
576 2027 654 2074 Patres
662 2024 731 2090 legere
737 2043 744 2082 ;
756 2041 819 2071 unam
828 2041 865 2072 ur-

89 2083 91 2087 *
117 2107 174 2168 bern,
181 2122 244 2152 unam
255 2102 404 2168 rempublicam
408 2104 493 2167 facere.
506 2106 538 2152 Ut
544 2120 570 2152 ex
580 2119 618 2150 nno
629 2103 730 2167 qnondam
738 2101 865 2167 induospa·

116 2182 178 2244 pulos
188 2181 259 2243 dinifii
278 2179 363 2227 Albana
374 2195 408 2228 res
427 2181 464 2242 est,
475 2180 508 2242 fic
523 2194 576 2227 nunc
591 2179 613 2223 in
629 2195 692 2226 unum
709 2179 789 2227 redeat.
824 2180 865 2231 Ad

37 2253 46 2260 '
116 2257 170 2303 haec
188 2254 282 2302 Albana
294 2254 377 2318 pubes,
396 2255 494 2302 inermis
504 2255 536 2301 ab
551 2254 649 2302 armatis
661 2253 735 2318 septa,
753 2255 863 2304 invariis

116 2329 294 2390 voluntatibus,
314 2331 439 2394 communi
451 2341 532 2378 tamen
543 2341 610 2377 metu
622 2340 733 2392 cogente,
743 2329 864 2392 silentium
900 2392 904 2397 ⁸

116 2416 192 2456 tenet.
227 2409 296 2454 Tum
307 2405 402 2469 Tullus,
414 2406 589 2467 MetteFuseti,
601 2405 689 2469 inquit,
701 2403 774 2470 fiipse
784 2405 864 2469 discere

112 2481 179 2551 poses
187 2481 254 2545 fidem
265 2497 290 2529 ac
301 2482 387 2545 fudere
396 2483 497 2546 seruare,
513 2482 569 2529 vivo
580 2481 619 2529 tibi
635 2497 659 2529 ea
675 2481 784 2547 disciplina
800 2483 862 2533 rime

114 2557 208 2610 adbibita
219 2558 275 2623 esset.
295 2559 473 2622 Nunc,quoniam
484 2566 543 2605 tuum
551 2556 663 2623 insanabile
673 2558 780 2624 ingenium
791 2557 828 2619 est,
836 2566 862 2609 at

93 2679 98 2695 ‚
114 2647 138 2689 tu
150 2646 184 2685 tun
189 2635 293 2702 firpplicio
304 2634 351 2682 duce
360 2635 474 2683 humanum
487 2650 554 2698 genus
569 2651 593 2682 ea
598 2634 674 2700 sentia
684 2635 774 2697 credere,
792 2650 833 2699 que
844 2637 861 2684 d

65 2703 67 2706 ’
114 2712 226 2762 teuiolata
237 2714 296 2777 stant.
330 2712 363 2759 Ut
373 2711 440 2776 igitur
448 2711 512 2774 pauli
527 2717 577 2758 arete
588 2713 682 2760 animum
698 2713 754 2761 inter
765 2710 858 2760 Fidena-

113 2800 158 2840 tem
167 2792 321 2854 Romanamque
331 2802 378 2835 rem
387 2789 500 2852 ancipitem
508 2788 594 2854 g'effisli,
603 2790 635 2837 ita
640 2790 690 2851 jam
701 2801 775 2854 corpus
781 2789 860 2852 posim

60 2853 71 2874 '
111 2866 266 2926 distrahendum
278 2864 343 2914 dabis.
378 2865 483 2927 Exinde,
500 2865 593 2914 duabus
607 2865 712 2913 admotis
726 2863 857 2930 quadrigis,

114 2941 141 2992 in
155 2957 237 2994 currus
251 2959 336 2996 earum
348 2941 477 2994 distentum
487 2943 565 3010 illigat
575 2945 699 2994 Mettum.
727 2939 815 3065 duppe
831 2943 859 3066 in

802 3029 832 3064 ve
846 3036 857 3058 e
