1964 3660
128 176 166 238 η
385 167 609 221 meruit

130 262 202 311 stum
216 255 352 322 moeniaque
364 258 550 322 &frequentem
569 256 636 305 testis
651 252 738 304 urbem
749 251 871 320 vidissent,

129 338 256 396 mirantur,
268 344 318 380 tam
329 331 404 383 brevi
412 347 463 379 rem
471 336 608 382 Romanam
619 328 726 379 crevisse.
755 332 804 380 Ubi
817 333 870 397 spc-

130 411 217 459 siaculi
226 420 321 475 tempus
335 411 412 471 venit,
429 407 564 471 deditaeque
575 410 604 455 eb
615 415 707 454 mentes
721 423 777 456 curn
794 408 870 456 oculis

50 548 53 553 1
129 497 207 548 crant,
227 495 279 532 turn
296 499 328 533 ex
340 483 475 553 composito
487 485 604 531 oetavis:
621 482 736 546 fignoque
747 482 814 544 dato,
830 484 870 545 ju.

129 573 218 610 ventus
229 566 341 609 Romana
351 561 382 609 ad
394 559 518 626 rapiendas
529 560 636 622 virgines
646 558 765 607 discurrit.
782 573 872 620 magna

130 653 184 704 pars
198 637 268 700 sorte,
285 647 313 684 ut
327 638 351 684 in
364 653 436 700 quem
448 652 549 701 quaeque
560 636 684 698 inciderat,
695 646 779 701 raptae.
800 633 870 699 quas·

128 714 186 764 dam
195 714 274 762 sormi
286 713 418 761 excellente
430 714 681 779 primoribusPatrum
692 711 826 771 destinatas,
838 725 871 760 ex
900 755 908 769 χ

127 789 200 856 plebe
212 791 330 852 homines,
340 791 427 854 quibus
439 790 522 838 datum
530 789 656 852 negotium
667 797 725 850 erat,
736 787 821 837 domos
828 786 870 835 de·

129 865 247 914 serebant.
281 870 369 928 Unam,
387 866 457 929 longe
467 876 522 914 ante
536 866 594 920 alies
605 865 683 930 speeie
694 880 723 912 ac
733 863 869 929 pulchritu-

128 940 186 992 dine
197 942 321 1007 inignem,
330 949 345 992 a
354 944 428 1006 globo
437 941 534 990 Talassii
543 940 668 1004 cujusdam
676 950 771 1005 raptam
779 938 868 988 serunt.

128 1018 259 1082 multisque
279 1018 461 1077 sciscitantibus,
485 1018 582 1064 cuinam
600 1031 654 1064 earn
670 1014 767 1076 serrent,
784 1013 871 1062 identi-

127 1093 193 1155 clem,
211 1096 305 1157 nequis
320 1094 432 1151 violaret,
445 1091 550 1148 Talatiio
561 1090 619 1139 serri
630 1091 788 1138 clamitatum.
813 1089 870 1138 inde

88 1167 89 1170 Ἴ
127 1171 262 1234 nuptialem
276 1171 337 1218 hanc
349 1182 445 1216 vocem¹
455 1165 550 1214 sesiam.
586 1166 701 1212 Turbato
717 1181 760 1230 per
776 1175 869 1214 metum

123 1237 231 1303 ludicro,
245 1242 320 1290 moelli
332 1250 442 1305 parentes
453 1240 577 1301 virginum
588 1238 740 1304 profugiunt,
758 1238 868 1288 incusan-

127 1329 163 1370 tes
181 1318 266 1365 violati
280 1317 380 1381 hospitii
390 1315 473 1378 foedus,
492 1317 620 1378 Deumque
634 1317 785 1378 invocantes,
800 1316 869 1376 cujus

127 1394 158 1444 ad
174 1393 271 1442 solenne
289 1392 414 1456 ludosque,
433 1407 475 1456 per
488 1390 523 1455 sas
536 1407 566 1439 ac
577 1389 650 1438 fidem
667 1390 769 1455 decepti,
787 1390 868 1439 venis·

126 1470 187 1522 sent.
223 1473 275 1519 Nec
287 1469 360 1534 raptis
374 1480 415 1517 aut
427 1468 478 1534 spes
490 1467 519 1516 de
531 1467 554 1515 sc
567 1466 664 1528 melior,
681 1476 723 1514 aut
731 1467 869 1530 indignatio

127 1548 160 1597 cst
169 1547 263 1596 minor:
282 1546 321 1593 sed
333 1545 383 1610 ipse
392 1545 510 1594 Romulus
521 1545 639 1592 circuibat
649 1543 809 1608 docebatque,
822 1547 866 1592 Pa·

127 1632 185 1673 trum
202 1625 224 1672 id
234 1621 434 1689 strperbidfassum,
452 1623 487 1687 qui
503 1619 623 1670 coracesium
630 1621 733 1684 finitimis
746 1621 869 1688 negriffent:

124 1700 174 1750 tuas
182 1709 253 1749 tamen
264 1700 285 1746 in
294 1698 434 1760 rnatrimonio,
451 1699 473 1745 in
478 1697 579 1761 societate
589 1696 728 1758 fortunarum
736 1700 827 1746 omnium
838 1702 870 1749 ci-

122 1776 249 1841 vitatisque,
261 1776 295 1836 sa,
307 1791 344 1839 quo
355 1773 408 1822 nihil
420 1774 488 1823 corius
498 1773 587 1821 huntam
598 1773 673 1838 generi
678 1771 717 1837 fit,
733 1773 821 1823 Iiberrim
829 1778 869 1842 so.

125 1865 158 1901 re.
194 1851 310 1899 Molliunt
324 1851 384 1898 modi
400 1853 459 1910 iras3
477 1851 511 1912 tr,
529 1850 600 1915 quisue
608 1849 658 1912 fors
675 1862 761 1914 terpora
777 1852 869 1919 dediffct,

126 1927 302 1976 darentanimos.
337 1929 394 1991 Sepe
404 1942 430 1975 ex
441 1926 519 1989 injuria
532 1925 662 1990 postmodum
671 1929 767 1992 gratiam
778 1938 869 1977 ortam:
905 1949 913 1967 ,

124 2003 188 2070 eique
199 2003 316 2053 melioribus
326 2005 399 2068 usuras
410 2004 474 2066 viris,
488 2003 540 2069 quid
547 2004 660 2051 annixurus
665 2015 706 2067 pro
711 2005 737 2068 se
746 2005 870 2070 quispoesst,

52 2105 55 2111 ¹
126 2088 158 2143 at,
170 2084 301 2146 quurnsuam
310 2081 380 2126 vicem
391 2079 480 2141 futilius
497 2079 563 2138 officio
571 2078 609 2140 stt,
619 2088 732 2141 parentum
749 2082 815 2128 etiam
826 2094 869 2146 po-

124 2157 210 2219 triaque
218 2155 300 2218 expleat
308 2154 437 2216 defiderr'um.
457 2154 612 2200 Accedebant
620 2153 741 2202 blanditie
750 2158 870 2216 virorum,

53 2274 56 2279 .
126 2228 218 2277 fartum
228 2227 384 2293 purgantium
393 2227 525 2292 cupiditate
534 2237 606 2289 atque
617 2243 714 2277 amore:
730 2245 783 2293 quae
791 2232 870 2280 maxi-

61 2365 64 2369 .
125 2308 167 2356 me
176 2303 206 2352 ad
214 2302 332 2350 muliebre
349 2303 475 2364 ingenium
487 2302 593 2350 efficaces
605 2317 688 2366 preces
699 2303 763 2352 sunt.

156 2383 194 2427 X.
215 2381 271 2441 Jam
284 2376 417 2426 admodum
433 2379 538 2441 mitigati
553 2379 628 2426 animi
642 2381 717 2444 raptis
732 2391 809 2431 erant.
842 2393 869 2434 at

126 2466 250 2522 raptarum
270 2464 379 2520 parentes
398 2466 452 2504 tum
468 2455 575 2504 maxime
588 2454 684 2504 sordidi
700 2458 773 2520 vesle,
791 2458 870 2524 lacry-

5 2525 9 2529 ’
45 2582 46 2586 ,
124 2532 221 2598 misque
240 2531 265 2581 dc
279 2532 517 2595 querelis,·civitates
537 2531 701 2580 concitabant.
737 2520 868 2591 liecdorni

125 2613 223 2661 tautum
233 2605 409 2670 indignationes
422 2607 588 2669 continebant,
604 2606 644 2655 sed
658 2608 869 2672 congregabantur

126 2684 234 2748 undique
247 2678 281 2731 ad
290 2681 379 2730 Titum
394 2683 500 2732 Tatium
514 2696 597 2744 regem
613 2680 777 2734 Sabinorum:
796 2683 820 2732 dc
834 2684 869 2732 le·

126 2758 238 2823 gationes
254 2761 291 2819 eo,
309 2756 374 2822 quod
393 2758 529 2805 maximrun
545 2757 615 2806 Tatii
631 2772 723 2806 nomen
740 2758 765 2806 in
777 2758 814 2806 his
830 2774 868 2806 re-

125 2833 241 2899 gionibus
255 2842 314 2896 erat,
331 2834 518 2883 conveniebant.
548 2833 697 2884 ceninenses
710 2834 871 2888 Crustumini,-

127 2921 176 2978 que
195 2909 395 2980 &Antemnates
416 2921 492 2980 erant,
509 2912 541 2963 ad
558 2927 625 2983 quos
639 2910 690 2980 ejus
706 2910 801 2979 injuria
814 2925 872 2982 pars

472 3010 474 3019 ,
792 2985 868 3053 Perti-
