1964 3660
342 223 366 273 1,-
381 224 397 273 t
411 225 431 273 B
448 224 470 274 E
485 225 510 276 lt
542 222 592 276 nt.
793 238 841 294 w

95 304 204 359 hostium
215 320 302 374 agrum
312 311 399 362 infesto
409 315 506 377 agmine
517 312 706 381 populabundus
713 315 773 383 isset,
782 316 840 373 cum
863 307 870 319 i

97 384 278 447 ingentiiaude
285 387 414 453 predaque
424 393 531 439 Romam
545 389 626 439 rediit.
722 389 724 393 '

98 495 104 505 .
130 464 178 513 IV.
198 463 315 513 Constdes
324 463 381 514 inde
393 470 426 514 A.
443 466 579 516 Postumius
593 467 679 531 Albus,
697 472 737 534 sp.
751 470 839 520 Furius

95 535 194 589 Fusus:
216 539 303 588 Furios
317 540 399 591 Fusios
410 540 524 607 scripsere
535 541 645 606 quidam.
668 541 693 591 id
705 544 838 615 admoneo,

93 626 126 663 ue
135 614 189 678 quit
198 615 399 668 immutationem
415 617 528 673 virorum
536 617 646 684 ipsorum
657 617 712 682 esse,
729 635 837 685 quaenoi

93 688 190 739 minum
199 691 242 755 esi,
259 702 337 758 putet.
372 692 445 742 Haud
459 694 563 744 dubium
572 701 633 756 erat,
650 695 710 759 quin
721 711 778 744 cum
793 700 839 746 AE·

95 765 150 828 quis
162 766 226 814 alter
235 767 364 818 consulum
380 768 471 818 beilum
482 780 585 832 gereret.
619 772 706 834 Itaque
718 773 793 835 AEqui
804 772 837 823 ab
855 768 856 772 ’

42 900 49 919 x
94 841 219 892 Ecetranis
236 844 331 895 Volscis
342 845 477 912 presidium
488 847 589 913 petiere.
623 861 674 911 quo
691 848 778 912 cupide
790 849 836 898 ob·

93 917 153 979 lato,
170 919 241 979 (aden
260 923 373 972 civitatee
389 924 427 973 hae
444 933 565 990 perpetuo
583 925 610 972 in
630 927 756 972 Romanos
775 925 837 976 odio

94 996 228 1057 certavere)
243 995 438 1049 bellumsumma
454 999 481 1046 vi
493 998 632 1064 parabatur.
651 999 761 1046 Sentium
772 1003 837 1049 Her·

92 1066 151 1128 niti,
169 1069 194 1118 de
204 1070 339 1134 predicunt
349 1073 475 1135 Romanis,
493 1075 641 1122 Ecetranum
649 1072 680 1123 ad
688 1076 782 1138 AEquos
792 1074 836 1123 de·

91 1139 167 1193 scisse.
201 1145 307 1214 suspeiia
323 1149 348 1200 dt
363 1150 460 1200 colonia
472 1150 576 1199 Antium
592 1149 648 1212 suit,
666 1150 733 1214 quod
744 1165 836 1214 magna

93 1220 132 1270 vis
142 1223 271 1274 hominum
282 1226 346 1290 inde,
364 1242 440 1292 quum
452 1227 572 1293 oppidum
587 1237 686 1292 captum
697 1223 762 1287 esset,
772 1241 834 1275 con-

90 1294 189 1360 sugiss'et
199 1299 231 1350 ed
248 1303 349 1368 AEquos.
374 1301 443 1366 isque
456 1302 526 1351 milet
538 1316 582 1368 per
596 1301 688 1350 bellum
699 1300 834 1365 AEquieum

89 1373 133 1422 vel
150 1377 280 1427 acerrimus
290 1377 346 1428 suit.
382 1378 517 1444 Conpulsis
533 1376 621 1426 deinde
639 1377 665 1427 in
676 1376 769 1442 oppida
788 1379 833 1426 AE·

90 1449 153 1513 quir,
168 1466 198 1500 ea
208 1453 341 1503 multitudo
357 1453 449 1521 dilapsa
463 1469 539 1519 quum
551 1455 655 1503 Antium
668 1452 772 1516 redisset,
789 1451 833 1502 sua

90 1522 176 1590 sponte
190 1527 242 1589 jam
250 1527 339 1580 infidos
350 1530 451 1579 colonos
463 1531 580 1579 Romanis
591 1528 750 1579 abalienavit.
768 1531 832 1578 Nec·

88 1596 149 1648 dum
157 1603 392 1669 maturiresquum
407 1603 568 1654 desedionem
582 1604 664 1669 parari
680 1602 787 1651 delatum
798 1601 831 1653 ad

89 1672 199 1725 senatum
218 1681 283 1747 esset,
310 1680 396 1730 datum
417 1679 545 1744 negotium
567 1679 599 1728 est
621 1677 769 1739 consulibus,
792 1685 831 1742 ut,
924 1692 929 1703 ·

87 1751 238 1819 principibus
248 1755 353 1806 colonie
368 1759 473 1805 Romam
485 1754 580 1816 excitis,
597 1763 739 1819 quaterent,
757 1751 832 1817 quid··

86 1827 185 1879 namrei
197 1828 262 1879 esset.
269 1831 312 1895 qui
319 1845 395 1896 quum
401 1827 465 1880 haud
475 1828 571 1891 gravati
578 1826 705 1890 venissent,
713 1825 828 1876 introdu-

86 1901 120 1952 ἂι
130 1909 145 1953 ὲ
155 1905 295 1957 consulibus
306 1906 337 1956 ad
349 1906 459 1954 senatum
475 1905 510 1953 ita
520 1902 696 1969 responderunt
710 1901 742 1950 ad
753 1903 829 1950 inter·

84 1992 181 2045 rogata,
197 1989 227 2031 ut
238 1984 316 2045 magis
328 1981 437 2048 suspeiii,
448 1985 523 2043 quim
533 1987 660 2042 venerant,
676 1976 829 2026 dimitterem

85 2065 134 2106 tur.
169 2057 263 2107 Bellum
277 2057 334 2108 inde
348 2056 413 2107 haud
426 2054 531 2104 dubitun
543 2053 638 2104 haberi.
673 2057 714 2119 Sp.
731 2052 828 2115 Furius,

82 2133 212 2184 consulum
228 2134 297 2192 aiter,
314 2136 355 2184 eui
373 2149 401 2183 ea
415 2131 545 2199 provincia
563 2139 687 2192 evenerat,
704 2127 828 2195 proseiiua

84 2210 112 2260 in
123 2213 224 2276 AEqnns,
237 2214 400 2263 Hernicorum
415 2210 441 2258 in
448 2223 508 2274 agro
519 2205 722 2276 poptdabundum
732 2205 828 2257 hostem
926 2227 931 2245 ·

83 2286 180 2337 invenit
189 2307 196 2349 ι
212 2287 357 2354 ignarusque
370 2283 540 2348 multitudinis,
557 2285 616 2350 quit
632 2281 752 2348 nusquam
768 2281 827 2331 uni-

84 2364 156 2414 versa
167 2362 390 2433 eonspeflasuerat,
408 2365 527 2431 imparem
543 2363 623 2430 copiis
639 2360 776 2410 exercitum
786 2369 824 2408 te·

84 2446 250 2510 merepugnn
268 2444 397 2506 oomniifit.
431 2443 514 2493 Primo
523 2439 645 2492 concursu
659 2437 740 2505 pulsus
757 2435 781 2484 se
797 2436 826 2487 iu

83 2521 160 2572 casira
170 2525 270 2590 reecpit.
302 2537 381 2588 neque
397 2523 417 2571 is
434 2519 489 2570 finis
506 2517 608 2584 periculi
626 2515 683 2564 suit.
716 2526 826 2576 namque

82 2598 110 2650 ἃ
120 2601 235 2666 proxima
248 2599 319 2652 noete
338 2599 363 2650 dt
377 2598 473 2665 postero
486 2595 527 2646 die
545 2593 613 2644 tanta
631 2591 659 2640 vi
673 2590 748 2638 casira
758 2587 824 2672 'sunt

83 2675 234 2726 circumsessa
255 2687 328 2741 atque
344 2684 494 2741 oppugnata,
508 2681 538 2721 ut
557 2685 588 2720 ne
603 2665 707 2717 nuncius
723 2661 824 2728 quidem

81 2746 140 2804 inde
154 2755 343 2803 mitti-Romam
359 2749 445 2817 posset.
480 2747 589 2808 Hernici,
607 2744 632 2793 de
648 2741 711 2792 male
727 2753 825 2805 pugna-s

45 2846 50 2855 ²
82 2839 146 2892 tum,
159 2829 195 2880 'dt
214 2827 338 2879 consulem
354 2826 540 2888 exercitamque
559 2817 671 2879 obsideri,
688 2815 825 2864 nunciave-

83 2915 150 2955 runt.
167 2910 312 2970 tantumque
321 2914 440 2951 terrorem
451 2899 568 2949 incussere
579 2893 697 2955 Patribus,
713 2902 741 2940 ut
757 2893 823 2955 (quar

77 2979 162 3035 serua
170 2976 372 3036 imatumnsdti
382 2975 475 3031 ultime
485 2972 580 3042 semper
596 2966 739 3024 necessitatis
749 2965 823 3094 hang
