<?xml version="1.0" encoding="UTF-8"?>
<!DOCTYPE html PUBLIC "-//W3C//DTD XHTML 1.0 Transitional//EN"
    "http://www.w3.org/TR/xhtml1/DTD/xhtml1-transitional.dtd">
<html xmlns="http://www.w3.org/1999/xhtml" xml:lang="en" lang="en">
 <head>
  <title>
</title>
<meta http-equiv="Content-Type" content="text/html;charset=utf-8" />
  <meta name='ocr-system' content='tesseract 3.04.00' />
  <meta name='ocr-capabilities' content='ocr_page ocr_carea ocr_par ocr_line ocrx_word'/>
</head>
<body>
  <div class='ocr_page' id='page_1' title='image "./titiliviipatavi00livygoog_0463.png"; bbox 0 0 1964 3660; ppageno 0'>
   <div class='ocr_carea' id='block_1_1' title="bbox 140 192 639 260">
    <p class='ocr_par' dir='ltr' id='par_1_1' title="bbox 140 192 639 260">
     <span class='ocr_line' id='line_1_1' title="bbox 140 192 639 260; baseline -0.018 -10"><span class='ocrx_word' id='word_1_1' title='bbox 140 213 192 260; x_wconf 79' lang='lat'>452</span> <span class='ocrx_word' id='word_1_2' title='bbox 409 192 639 244; x_wconf 85' lang='lat' dir='ltr'>T.L1V11</span> 
     </span>
    </p>
   </div>
   <div class='ocr_carea' id='block_1_2' title="bbox 141 276 976 3104">
    <p class='ocr_par' dir='ltr' id='par_1_2' title="bbox 141 276 976 3104">
     <span class='ocr_line' id='line_1_2' title="bbox 141 276 895 349; baseline -0.009 -14"><span class='ocrx_word' id='word_1_3' title='bbox 141 299 211 338; x_wconf 87' lang='lat' dir='ltr'>mum</span> <span class='ocrx_word' id='word_1_4' title='bbox 223 282 301 349; x_wconf 85' lang='lat' dir='ltr'>pilutn</span> <span class='ocrx_word' id='word_1_5' title='bbox 317 281 451 331; x_wconf 81' lang='lat' dir='ltr'>vocabant.</span> <span class='ocrx_word' id='word_1_6' title='bbox 486 280 580 329; x_wconf 85' lang='lat' dir='ltr'>Tribus</span> <span class='ocrx_word' id='word_1_7' title='bbox 598 292 631 327; x_wconf 86' lang='lat' dir='ltr'>ex</span> <span class='ocrx_word' id='word_1_8' title='bbox 642 276 742 327; x_wconf 85' lang='lat' dir='ltr'>vexillis</span> <span class='ocrx_word' id='word_1_9' title='bbox 754 276 895 328; x_wconf 78' lang='lat' dir='ltr'>constabati</span> 
     </span>
     <span class='ocr_line' id='line_1_3' title="bbox 142 353 894 419; baseline -0.011 -9"><span class='ocrx_word' id='word_1_10' title='bbox 142 361 266 410; x_wconf 84' lang='lat' dir='ltr'>vexillum</span> <span class='ocrx_word' id='word_1_11' title='bbox 283 368 380 407; x_wconf 89' lang='lat' dir='ltr'>centurn</span> <span class='ocrx_word' id='word_1_12' title='bbox 398 355 524 419; x_wconf 70' lang='lat' dir='ltr'>oiloginta</span> <span class='ocrx_word' id='word_1_13' title='bbox 535 353 578 404; x_wconf 84' lang='lat' dir='ltr'>sex</span> <span class='ocrx_word' id='word_1_14' title='bbox 596 353 707 402; x_wconf 88' lang='lat' dir='ltr'>homines</span> <span class='ocrx_word' id='word_1_15' title='bbox 724 364 803 403; x_wconf 90' lang='lat' dir='ltr'>erant.</span> <span class='ocrx_word' id='word_1_16' title='bbox 838 355 894 402; x_wconf 87' lang='lat' dir='ltr'>Pri-</span> 
     </span>
     <span class='ocr_line' id='line_1_4' title="bbox 142 431 894 494; baseline -0.007 -9"><span class='ocrx_word' id='word_1_17' title='bbox 142 453 213 489; x_wconf 86' lang='lat' dir='ltr'>mum</span> <span class='ocrx_word' id='word_1_18' title='bbox 233 437 355 484; x_wconf 71' lang='lat' dir='ltr'>vexillum</span> <span class='ocrx_word' id='word_1_19' title='bbox 375 435 471 483; x_wconf 79' lang='lat' dir='ltr'>triarios</span> <span class='ocrx_word' id='word_1_20' title='bbox 488 433 601 494; x_wconf 84' lang='lat' dir='ltr'>ducebat,</span> <span class='ocrx_word' id='word_1_21' title='bbox 620 440 766 481; x_wconf 82' lang='lat' dir='ltr'>veteranum</span> <span class='ocrx_word' id='word_1_22' title='bbox 786 431 894 481; x_wconf 86' lang='lat' dir='ltr'>militem</span> 
     </span>
     <span class='ocr_line' id='line_1_5' title="bbox 144 507 896 581; baseline -0.005 -21"><span class='ocrx_word' id='word_1_23' title='bbox 144 511 254 581; x_wconf 72' lang='lat' dir='ltr'>spedatae</span> <span class='ocrx_word' id='word_1_24' title='bbox 272 510 385 558; x_wconf 87' lang='lat' dir='ltr'>virtutis:</span> <span class='ocrx_word' id='word_1_25' title='bbox 412 507 545 558; x_wconf 87' lang='lat' dir='ltr'>secundum</span> <span class='ocrx_word' id='word_1_26' title='bbox 562 507 678 570; x_wconf 87' lang='lat' dir='ltr'>rorarios,</span> <span class='ocrx_word' id='word_1_27' title='bbox 698 509 780 557; x_wconf 89' lang='lat' dir='ltr'>minus</span> <span class='ocrx_word' id='word_1_28' title='bbox 796 507 896 557; x_wconf 71' lang='lat' dir='ltr'>toborIs</span> 
     </span>
     <span class='ocr_line' id='line_1_6' title="bbox 143 583 896 648; baseline -0.004 -13"><span class='ocrx_word' id='word_1_29' title='bbox 143 598 214 639; x_wconf 83' lang='lat' dir='ltr'>aetate</span> <span class='ocrx_word' id='word_1_30' title='bbox 223 584 354 648; x_wconf 78' lang='lat' dir='ltr'>fastisque:</span> <span class='ocrx_word' id='word_1_31' title='bbox 373 585 474 633; x_wconf 88' lang='lat' dir='ltr'>tertium</span> <span class='ocrx_word' id='word_1_32' title='bbox 482 583 603 645; x_wconf 65' lang='lat' dir='ltr'>accensos</span> <span class='ocrx_word' id='word_1_33' title='bbox 620 584 727 635; x_wconf 83' lang='lat' dir='ltr'>minimae</span> <span class='ocrx_word' id='word_1_34' title='bbox 737 583 834 635; x_wconf 74' lang='lat' dir='ltr'>fiducia</span> <span class='ocrx_word' id='word_1_35' title='bbox 841 597 896 632; x_wconf 88' lang='lat' dir='ltr'>rna·</span> 
     </span>
     <span class='ocr_line' id='line_1_7' title="bbox 144 657 894 725; baseline 0 -18"><span class='ocrx_word' id='word_1_36' title='bbox 144 677 212 725; x_wconf 73' lang='lat' dir='ltr'>pum.</span> <span class='ocrx_word' id='word_1_37' title='bbox 231 675 262 709; x_wconf 88' lang='lat' dir='ltr'>eo</span> <span class='ocrx_word' id='word_1_38' title='bbox 282 661 306 708; x_wconf 77' lang='lat' dir='ltr'>dr</span> <span class='ocrx_word' id='word_1_39' title='bbox 324 660 350 719; x_wconf 83' lang='lat' dir='ltr'>in</span> <span class='ocrx_word' id='word_1_40' title='bbox 367 660 514 725; x_wconf 82' lang='lat' dir='ltr'>postremam</span> <span class='ocrx_word' id='word_1_41' title='bbox 525 660 611 713; x_wconf 81' lang='lat' dir='ltr'>aciem</span> <span class='ocrx_word' id='word_1_42' title='bbox 626 659 811 721; x_wconf 81' lang='lat' dir='ltr'><strong>rejiciebantur.</strong></span> <span class='ocrx_word' id='word_1_43' title='bbox 845 657 894 709; x_wconf 85' lang='lat' dir='ltr'>Ubi</span> 
     </span>
     <span class='ocr_line' id='line_1_8' title="bbox 145 732 896 799; baseline -0.001 -15"><span class='ocrx_word' id='word_1_44' title='bbox 145 737 182 799; x_wconf 86' lang='lat' dir='ltr'>his</span> <span class='ocrx_word' id='word_1_45' title='bbox 195 734 323 784; x_wconf 85' lang='lat' dir='ltr'>ordinibus</span> <span class='ocrx_word' id='word_1_46' title='bbox 334 735 457 783; x_wconf 84' lang='lat' dir='ltr'>exercitus</span> <span class='ocrx_word' id='word_1_47' title='bbox 468 733 595 782; x_wconf 73' lang='lat' dir='ltr'>instruitus</span> <span class='ocrx_word' id='word_1_48' title='bbox 605 732 674 796; x_wconf 7' lang='lat' dir='ltr'>gessen,</span> <span class='ocrx_word' id='word_1_49' title='bbox 684 733 770 782; x_wconf 86' lang='lat' dir='ltr'>hastati</span> <span class='ocrx_word' id='word_1_50' title='bbox 782 735 896 787; x_wconf 84' lang='lat' dir='ltr'>omniunt</span> 
     </span>
     <span class='ocr_line' id='line_1_9' title="bbox 145 810 896 879; baseline 0.001 -19"><span class='ocrx_word' id='word_1_51' title='bbox 145 812 219 879; x_wconf 89' lang='lat' dir='ltr'>primi</span> <span class='ocrx_word' id='word_1_52' title='bbox 232 826 341 877; x_wconf 84' lang='lat' dir='ltr'>pugnant</span> <span class='ocrx_word' id='word_1_53' title='bbox 352 811 457 860; x_wconf 88' lang='lat' dir='ltr'>inibant.</span> <span class='ocrx_word' id='word_1_54' title='bbox 470 810 584 860; x_wconf 80' lang='lat' dir='ltr'>fibaslati</span> <span class='ocrx_word' id='word_1_55' title='bbox 596 811 727 874; x_wconf 83' lang='lat' dir='ltr'>profligare</span> <span class='ocrx_word' id='word_1_56' title='bbox 738 810 834 859; x_wconf 81' lang='lat' dir='ltr'>hostem</span> <span class='ocrx_word' id='word_1_57' title='bbox 843 823 896 861; x_wconf 82' lang='lat' dir='ltr'>non</span> 
     </span>
     <span class='ocr_line' id='line_1_10' title="bbox 146 882 896 954; baseline -0.001 -18"><span class='ocrx_word' id='word_1_58' title='bbox 146 886 249 954; x_wconf 84' lang='lat' dir='ltr'>possent,</span> <span class='ocrx_word' id='word_1_59' title='bbox 266 885 329 952; x_wconf 89' lang='lat' dir='ltr'>pede</span> <span class='ocrx_word' id='word_1_60' title='bbox 341 884 419 952; x_wconf 82' lang='lat' dir='ltr'>presso</span> <span class='ocrx_word' id='word_1_61' title='bbox 429 901 471 937; x_wconf 89' lang='lat' dir='ltr'>eos</span> <span class='ocrx_word' id='word_1_62' title='bbox 484 882 664 935; x_wconf 82' lang='lat' dir='ltr'>retrocedentes</span> <span class='ocrx_word' id='word_1_63' title='bbox 675 886 700 933; x_wconf 88' lang='lat' dir='ltr'>in</span> <span class='ocrx_word' id='word_1_64' title='bbox 712 885 843 934; x_wconf 85' lang='lat' dir='ltr'>intervalla</span> <span class='ocrx_word' id='word_1_65' title='bbox 854 900 896 935; x_wconf 88' lang='lat' dir='ltr'>or·</span> 
     </span>
     <span class='ocr_line' id='line_1_11' title="bbox 147 962 896 1029; baseline 0.001 -17"><span class='ocrx_word' id='word_1_66' title='bbox 147 964 234 1013; x_wconf 84' lang='lat' dir='ltr'>dinrrrn</span> <span class='ocrx_word' id='word_1_67' title='bbox 254 963 376 1029; x_wconf 81' lang='lat' dir='ltr'>principes</span> <span class='ocrx_word' id='word_1_68' title='bbox 396 963 556 1029; x_wconf 80' lang='lat' dir='ltr'>recipiebant</span> <span class='ocrx_word' id='word_1_69' title='bbox 577 972 630 1011; x_wconf 87' lang='lat' dir='ltr'>turn</span> <span class='ocrx_word' id='word_1_70' title='bbox 650 962 791 1028; x_wconf 86' lang='lat' dir='ltr'>principum</span> <span class='ocrx_word' id='word_1_71' title='bbox 812 977 896 1029; x_wconf 78' lang='lat' dir='ltr'>pugna</span> 
     </span>
     <span class='ocr_line' id='line_1_12' title="bbox 147 1037 894 1109; baseline 0 -21"><span class='ocrx_word' id='word_1_72' title='bbox 147 1048 216 1109; x_wconf 84' lang='lat' dir='ltr'>erat;</span> <span class='ocrx_word' id='word_1_73' title='bbox 233 1038 319 1087; x_wconf 76' lang='lat' dir='ltr'>hastati</span> <span class='ocrx_word' id='word_1_74' title='bbox 332 1038 503 1109; x_wconf 79' lang='lat' dir='ltr'>sequebantur.</span> <span class='ocrx_word' id='word_1_75' title='bbox 521 1039 600 1088; x_wconf 88' lang='lat' dir='ltr'>triarii</span> <span class='ocrx_word' id='word_1_76' title='bbox 614 1037 660 1087; x_wconf 91' lang='lat' dir='ltr'>sub</span> <span class='ocrx_word' id='word_1_77' title='bbox 673 1039 894 1090; x_wconf 82' lang='lat' dir='ltr'>vexilliscoutide-</span> 
     </span>
     <span class='ocr_line' id='line_1_13' title="bbox 147 1096 896 1182; baseline 0.001 -18"><span class='ocrx_word' id='word_1_78' title='bbox 147 1096 216 1178; x_wconf 86' lang='lat' dir='ltr'>bant,</span> <span class='ocrx_word' id='word_1_79' title='bbox 235 1115 327 1167; x_wconf 77' lang='lat' dir='ltr'>sinistro</span> <span class='ocrx_word' id='word_1_80' title='bbox 337 1133 407 1166; x_wconf 88' lang='lat' dir='ltr'>crure</span> <span class='ocrx_word' id='word_1_81' title='bbox 418 1116 539 1182; x_wconf 77' lang='lat' dir='ltr'>porresio,</span> <span class='ocrx_word' id='word_1_82' title='bbox 557 1113 624 1164; x_wconf 88' lang='lat' dir='ltr'>scuta</span> <span class='ocrx_word' id='word_1_83' title='bbox 635 1112 712 1164; x_wconf 88' lang='lat' dir='ltr'>innisa</span> <span class='ocrx_word' id='word_1_84' title='bbox 723 1116 840 1178; x_wconf 88' lang='lat' dir='ltr'>humeris,</span> <span class='ocrx_word' id='word_1_85' title='bbox 850 1115 896 1165; x_wconf 85' lang='lat' dir='ltr'>ha·</span> 
     </span>
     <span class='ocr_line' id='line_1_14' title="bbox 147 1154 897 1266; baseline -0.001 -25"><span class='ocrx_word' id='word_1_86' title='bbox 147 1191 194 1266; x_wconf 59' lang='lat' dir='ltr'>stas</span> <span class='ocrx_word' id='word_1_87' title='bbox 206 1154 315 1242; x_wconf 75' lang='lat' dir='ltr'>lubretta</span> <span class='ocrx_word' id='word_1_88' title='bbox 334 1192 459 1259; x_wconf 79' lang='lat' dir='ltr'>cuspide·</span> <span class='ocrx_word' id='word_1_89' title='bbox 453 1208 480 1245; x_wconf 88' lang='grc' dir='ltr'>ιι</span> <span class='ocrx_word' id='word_1_90' title='bbox 498 1201 563 1243; x_wconf 87' lang='lat' dir='ltr'>terra</span> <span class='ocrx_word' id='word_1_91' title='bbox 575 1189 651 1259; x_wconf 82' lang='lat' dir='ltr'>fixas,</span> <span class='ocrx_word' id='word_1_92' title='bbox 667 1189 819 1241; x_wconf 81' lang='lat' dir='ltr'>baudsecus</span> <span class='ocrx_word' id='word_1_93' title='bbox 816 1196 897 1258; x_wconf 77' lang='lat' dir='ltr'>quarn</span> 
     </span>
     <span class='ocr_line' id='line_1_15' title="bbox 149 1267 898 1336; baseline 0.001 -19"><span class='ocrx_word' id='word_1_94' title='bbox 149 1268 217 1319; x_wconf 82' lang='lat' dir='ltr'>vallo</span> <span class='ocrx_word' id='word_1_95' title='bbox 230 1268 298 1336; x_wconf 87' lang='lat' dir='ltr'>septa</span> <span class='ocrx_word' id='word_1_96' title='bbox 318 1271 454 1321; x_wconf 87' lang='lat' dir='ltr'>inhorreret</span> <span class='ocrx_word' id='word_1_97' title='bbox 465 1270 538 1334; x_wconf 86' lang='lat' dir='ltr'>acies,</span> <span class='ocrx_word' id='word_1_98' title='bbox 555 1278 673 1319; x_wconf 90' lang='lat' dir='ltr'>tenentes.</span> <span class='ocrx_word' id='word_1_99' title='bbox 707 1267 731 1316; x_wconf 85' lang='lat' dir='ltr'>si</span> <span class='ocrx_word' id='word_1_100' title='bbox 747 1267 814 1335; x_wconf 86' lang='lat' dir='ltr'>apud</span> <span class='ocrx_word' id='word_1_101' title='bbox 829 1267 898 1334; x_wconf 55' lang='lat' dir='ltr'>prins,</span> 
     </span>
     <span class='ocr_line' id='line_1_16' title="bbox 149 1340 897 1431; baseline -0.003 -37"><span class='ocrx_word' id='word_1_102' title='bbox 149 1344 216 1431; x_wconf 79' lang='lat' dir='ltr'>cipes</span> <span class='ocrx_word' id='word_1_103' title='bbox 236 1360 335 1431; x_wconf 84' lang='lat' dir='ltr'>quoquc</span> <span class='ocrx_word' id='word_1_104' title='bbox 352 1346 418 1395; x_wconf 87' lang='lat' dir='ltr'>haud</span> <span class='ocrx_word' id='word_1_105' title='bbox 435 1344 492 1395; x_wconf 90' lang='lat' dir='ltr'>satis</span> <span class='ocrx_word' id='word_1_106' title='bbox 511 1345 627 1412; x_wconf 85' lang='lat' dir='ltr'>prospere</span> <span class='ocrx_word' id='word_1_107' title='bbox 646 1340 703 1393; x_wconf 88' lang='lat' dir='ltr'>esset</span> <span class='ocrx_word' id='word_1_108' title='bbox 719 1348 897 1411; x_wconf 77' lang='lat' dir='ltr'>pugnatum,a</span> 
     </span>
     <span class='ocr_line' id='line_1_17' title="bbox 150 1419 899 1489; baseline 0.001 -20"><span class='ocrx_word' id='word_1_109' title='bbox 150 1422 231 1489; x_wconf 87' lang='lat' dir='ltr'>prima</span> <span class='ocrx_word' id='word_1_110' title='bbox 241 1422 294 1469; x_wconf 87' lang='lat' dir='ltr'>acie</span> <span class='ocrx_word' id='word_1_111' title='bbox 305 1421 337 1471; x_wconf 94' lang='lat' dir='ltr'>ad</span> <span class='ocrx_word' id='word_1_112' title='bbox 346 1423 442 1472; x_wconf 89' lang='lat' dir='ltr'>triarios</span> <span class='ocrx_word' id='word_1_113' title='bbox 451 1421 536 1471; x_wconf 83' lang='lat' dir='ltr'>senfim</span> <span class='ocrx_word' id='word_1_114' title='bbox 554 1421 732 1473; x_wconf 85' lang='lat' dir='ltr'>reserebantur.</span> <span class='ocrx_word' id='word_1_115' title='bbox 748 1421 806 1470; x_wconf 88' lang='lat' dir='ltr'>inde</span> <span class='ocrx_word' id='word_1_116' title='bbox 815 1419 899 1470; x_wconf 75' lang='lat' dir='ltr'>rema</span> 
     </span>
     <span class='ocr_line' id='line_1_18' title="bbox 149 1496 898 1567; baseline -0.005 -19"><span class='ocrx_word' id='word_1_117' title='bbox 149 1497 239 1548; x_wconf 83' lang='lat' dir='ltr'>triarios</span> <span class='ocrx_word' id='word_1_118' title='bbox 258 1496 341 1564; x_wconf 79' lang='lat' dir='ltr'>rediffe,</span> <span class='ocrx_word' id='word_1_119' title='bbox 357 1513 435 1562; x_wconf 88' lang='lat' dir='ltr'>quum</span> <span class='ocrx_word' id='word_1_120' title='bbox 454 1498 589 1561; x_wconf 87' lang='lat' dir='ltr'>laboratur,</span> <span class='ocrx_word' id='word_1_121' title='bbox 607 1497 742 1567; x_wconf 84' lang='lat' dir='ltr'>proverbio</span> <span class='ocrx_word' id='word_1_122' title='bbox 753 1496 898 1548; x_wconf 83' lang='lat' dir='ltr'>increbruit.</span> 
     </span>
     <span class='ocr_line' id='line_1_19' title="bbox 150 1573 897 1645; baseline -0.003 -19"><span class='ocrx_word' id='word_1_123' title='bbox 150 1574 229 1626; x_wconf 85' lang='lat' dir='ltr'>triarii</span> <span class='ocrx_word' id='word_1_124' title='bbox 241 1573 424 1640; x_wconf 83' lang='lat' dir='ltr'>consurgentes,</span> <span class='ocrx_word' id='word_1_125' title='bbox 441 1575 500 1624; x_wconf 90' lang='lat' dir='ltr'>ubi&#39;</span> <span class='ocrx_word' id='word_1_126' title='bbox 494 1590 520 1624; x_wconf 85' lang='grc' dir='ltr'>ιιι</span> <span class='ocrx_word' id='word_1_127' title='bbox 531 1575 660 1626; x_wconf 80' lang='lat' dir='ltr'>intervalla</span> <span class='ocrx_word' id='word_1_128' title='bbox 669 1575 784 1645; x_wconf 79' lang='lat' dir='ltr'>ordinum</span> <span class='ocrx_word' id='word_1_129' title='bbox 797 1574 897 1624; x_wconf 85' lang='lat' dir='ltr'>suerunt</span> 
     </span>
     <span class='ocr_line' id='line_1_20' title="bbox 149 1636 898 1722; baseline -0.001 -20"><span class='ocrx_word' id='word_1_130' title='bbox 149 1645 319 1722; x_wconf 82' lang='lat' dir='ltr'>principes&amp;</span> <span class='ocrx_word' id='word_1_131' title='bbox 327 1653 432 1706; x_wconf 83' lang='lat' dir='ltr'>hastatos</span> <span class='ocrx_word' id='word_1_132' title='bbox 449 1651 601 1720; x_wconf 84' lang='lat' dir='ltr'>recepissent,</span> <span class='ocrx_word' id='word_1_133' title='bbox 618 1636 746 1720; x_wconf 83' lang='lat' dir='ltr'>extemplo</span> <span class='ocrx_word' id='word_1_134' title='bbox 760 1650 898 1721; x_wconf 71' lang='lat' dir='ltr'>compressis</span> 
     </span>
     <span class='ocr_line' id='line_1_21' title="bbox 151 1728 899 1803; baseline -0.007 -22"><span class='ocrx_word' id='word_1_135' title='bbox 151 1730 279 1803; x_wconf 87' lang='lat' dir='ltr'>ordinibus</span> <span class='ocrx_word' id='word_1_136' title='bbox 292 1730 361 1780; x_wconf 88' lang='lat' dir='ltr'>velut</span> <span class='ocrx_word' id='word_1_137' title='bbox 373 1730 554 1783; x_wconf 85' lang='lat' dir='ltr'>claudebant&#39;</span> <span class='ocrx_word' id='word_1_138' title='bbox 529 1745 598 1781; x_wconf 83' lang='lat' dir='ltr'>vras:</span> <span class='ocrx_word' id='word_1_139' title='bbox 616 1743 716 1801; x_wconf 82' lang='lat' dir='ltr'>unoque</span> <span class='ocrx_word' id='word_1_140' title='bbox 727 1728 899 1781; x_wconf 88' lang='lat' dir='ltr'>continentia·</span> 
     </span>
     <span class='ocr_line' id='line_1_22' title="bbox 149 1802 897 1876; baseline -0.008 -16.984"><span class='ocrx_word' id='word_1_141' title='bbox 149 1804 244 1872; x_wconf 58' lang='lat' dir='ltr'>&#39;gmina</span> <span class='ocrx_word' id='word_1_142' title='bbox 260 1807 312 1868; x_wconf 89' lang='lat' dir='ltr'>jam</span> <span class='ocrx_word' id='word_1_143' title='bbox 330 1807 395 1860; x_wconf 71' lang='lat' dir='ltr'>nulli</span> <span class='ocrx_word' id='word_1_144' title='bbox 412 1807 454 1876; x_wconf 89' lang='lat' dir='ltr'>spe</span> <span class='ocrx_word' id='word_1_145' title='bbox 471 1807 523 1875; x_wconf 79' lang='lat' dir='ltr'>posi</span> <span class='ocrx_word' id='word_1_146' title='bbox 541 1802 654 1872; x_wconf 51' lang='lat' dir='ltr'>relidas</span> <span class='ocrx_word' id='word_1_147' title='bbox 648 1822 674 1855; x_wconf 87' lang='grc' dir='ltr'>ιιι</span> <span class='ocrx_word' id='word_1_148' title='bbox 690 1806 784 1856; x_wconf 77' lang='lat' dir='ltr'>bostem</span> <span class='ocrx_word' id='word_1_149' title='bbox 800 1805 897 1855; x_wconf 81' lang='lat' dir='ltr'>incede-</span> 
     </span>
     <span class='ocr_line' id='line_1_23' title="bbox 153 1874 899 1956; baseline -0.001 -25"><span class='ocrx_word' id='word_1_150' title='bbox 153 1883 231 1932; x_wconf 87' lang='lat' dir='ltr'>bant:</span> <span class='ocrx_word' id='word_1_151' title='bbox 255 1881 280 1931; x_wconf 89' lang='lat' dir='ltr'>id</span> <span class='ocrx_word' id='word_1_152' title='bbox 300 1894 353 1935; x_wconf 84' lang='lat' dir='ltr'>erat</span> <span class='ocrx_word' id='word_1_153' title='bbox 372 1874 619 1956; x_wconf 81' lang='lat' dir='ltr'>formidolofissimurn</span> <span class='ocrx_word' id='word_1_154' title='bbox 639 1883 709 1947; x_wconf 82' lang='lat' dir='ltr'>hosb,</span> <span class='ocrx_word' id='word_1_155' title='bbox 726 1897 812 1949; x_wconf 86' lang='lat' dir='ltr'>quum,</span> <span class='ocrx_word' id='word_1_156' title='bbox 829 1881 899 1932; x_wconf 85' lang='lat' dir='ltr'>velut</span> 
     </span>
     <span class='ocr_line' id='line_1_24' title="bbox 152 1920 899 2027; baseline -0.001 -20"><span class='ocrx_word' id='word_1_157' title='bbox 152 1956 232 2009; x_wconf 72' lang='lat' dir='ltr'>vidos</span> <span class='ocrx_word' id='word_1_158' title='bbox 244 1958 355 2025; x_wconf 90' lang='lat' dir='ltr'>insecuti,</span> <span class='ocrx_word' id='word_1_159' title='bbox 372 1977 467 2012; x_wconf 86' lang='lat' dir='ltr'>novam</span> <span class='ocrx_word' id='word_1_160' title='bbox 478 1963 576 2027; x_wconf 79' lang='lat' dir='ltr'>repente</span> <span class='ocrx_word' id='word_1_161' title='bbox 587 1960 666 2016; x_wconf 83' lang='lat' dir='ltr'>aciem</span> <span class='ocrx_word' id='word_1_162' title='bbox 674 1920 847 2023; x_wconf 80' lang='lat' dir='ltr'>exsurgentem</span> <span class='ocrx_word' id='word_1_163' title='bbox 855 1973 899 2008; x_wconf 91' lang='lat' dir='ltr'>au·</span> 
     </span>
     <span class='ocr_line' id='line_1_25' title="bbox 155 2033 899 2099; baseline -0.003 -14"><span class='ocrx_word' id='word_1_164' title='bbox 155 2033 219 2085; x_wconf 79' lang='lat' dir='ltr'>etam</span> <span class='ocrx_word' id='word_1_165' title='bbox 235 2050 338 2084; x_wconf 90' lang='lat' dir='ltr'>numero</span> <span class='ocrx_word' id='word_1_166' title='bbox 357 2037 497 2085; x_wconf 86' lang='lat' dir='ltr'>cernebant.</span> <span class='ocrx_word' id='word_1_167' title='bbox 515 2035 690 2085; x_wconf 77' lang='lat' dir='ltr'>scribebantur</span> <span class='ocrx_word' id='word_1_168' title='bbox 697 2044 780 2083; x_wconf 88' lang='lat' dir='ltr'>autem</span> <span class='ocrx_word' id='word_1_169' title='bbox 791 2042 899 2099; x_wconf 86' lang='lat' dir='ltr'>quatuor</span> 
     </span>
     <span class='ocr_line' id='line_1_26' title="bbox 152 2106 900 2178; baseline -0.003 -18"><span class='ocrx_word' id='word_1_170' title='bbox 152 2106 204 2160; x_wconf 74' lang='lat' dir='ltr'>sere</span> <span class='ocrx_word' id='word_1_171' title='bbox 214 2111 322 2174; x_wconf 88' lang='lat' dir='ltr'>legiones</span> <span class='ocrx_word' id='word_1_172' title='bbox 334 2112 413 2176; x_wconf 87' lang='lat' dir='ltr'>quinis</span> <span class='ocrx_word' id='word_1_173' title='bbox 427 2113 534 2162; x_wconf 90' lang='lat' dir='ltr'>millibus</span> <span class='ocrx_word' id='word_1_174' title='bbox 542 2112 661 2178; x_wconf 89' lang='lat' dir='ltr'>peditum,</span> <span class='ocrx_word' id='word_1_175' title='bbox 679 2109 826 2175; x_wconf 88' lang='lat' dir='ltr'>equitibus</span> <span class='ocrx_word' id='word_1_176' title='bbox 818 2125 845 2159; x_wconf 89' lang='grc' dir='ltr'>ιιι</span> <span class='ocrx_word' id='word_1_177' title='bbox 853 2107 900 2158; x_wconf 83' lang='lat' dir='ltr'>stn-</span> 
     </span>
     <span class='ocr_line' id='line_1_27' title="bbox 151 2186 900 2252; baseline -0.004 -13"><span class='ocrx_word' id='word_1_178' title='bbox 151 2189 222 2252; x_wconf 83' lang='lat' dir='ltr'>gulas</span> <span class='ocrx_word' id='word_1_179' title='bbox 234 2189 344 2252; x_wconf 84' lang='lat' dir='ltr'>legiones</span> <span class='ocrx_word' id='word_1_180' title='bbox 355 2192 467 2241; x_wconf 87' lang='lat' dir='ltr'>trecenis.</span> <span class='ocrx_word' id='word_1_181' title='bbox 485 2191 589 2241; x_wconf 90' lang='lat' dir='ltr'>alterum</span> <span class='ocrx_word' id='word_1_182' title='bbox 599 2194 696 2239; x_wconf 83' lang='lat' dir='ltr'>tanturn</span> <span class='ocrx_word' id='word_1_183' title='bbox 710 2202 743 2239; x_wconf 85' lang='lat' dir='ltr'>ex</span> <span class='ocrx_word' id='word_1_184' title='bbox 756 2189 848 2238; x_wconf 87' lang='lat' dir='ltr'>Latino</span> <span class='ocrx_word' id='word_1_185' title='bbox 857 2186 900 2237; x_wconf 87' lang='lat' dir='ltr'>de·</span> 
     </span>
     <span class='ocr_line' id='line_1_28' title="bbox 151 2256 900 2333; baseline 0 -19"><span class='ocrx_word' id='word_1_186' title='bbox 151 2265 217 2330; x_wconf 73' lang='lat' dir='ltr'>scitu</span> <span class='ocrx_word' id='word_1_187' title='bbox 228 2264 398 2329; x_wconf 86' lang='lat' dir='ltr'>adjiciebatur,</span> <span class='ocrx_word' id='word_1_188' title='bbox 416 2267 458 2331; x_wconf 90' lang='lat' dir='ltr'>qui</span> <span class='ocrx_word' id='word_1_189' title='bbox 470 2267 498 2317; x_wconf 76' lang='lat' dir='ltr'>ea</span> <span class='ocrx_word' id='word_1_190' title='bbox 509 2267 650 2333; x_wconf 83' lang='lat' dir='ltr'>tempestate</span> <span class='ocrx_word' id='word_1_191' title='bbox 665 2256 744 2315; x_wconf 86' lang='lat' dir='ltr'>lrolles</span> <span class='ocrx_word' id='word_1_192' title='bbox 762 2274 831 2315; x_wconf 89' lang='lat' dir='ltr'>erant</span> <span class='ocrx_word' id='word_1_193' title='bbox 847 2267 900 2314; x_wconf 86' lang='lat' dir='ltr'>Ro·</span> 
     </span>
     <span class='ocr_line' id='line_1_29' title="bbox 154 2340 899 2406; baseline 0 -15"><span class='ocrx_word' id='word_1_194' title='bbox 154 2342 241 2404; x_wconf 86' lang='lat' dir='ltr'>manis,</span> <span class='ocrx_word' id='word_1_195' title='bbox 259 2340 395 2406; x_wconf 87' lang='lat' dir='ltr'>eodemque</span> <span class='ocrx_word' id='word_1_196' title='bbox 407 2342 493 2392; x_wconf 88' lang='lat' dir='ltr'>ordine</span> <span class='ocrx_word' id='word_1_197' title='bbox 508 2343 672 2394; x_wconf 81' lang='lat' dir='ltr'>instruxerant</span> <span class='ocrx_word' id='word_1_198' title='bbox 686 2343 780 2401; x_wconf 75' lang='lat' dir='ltr'>acicmr</span> <span class='ocrx_word' id='word_1_199' title='bbox 797 2358 843 2392; x_wconf 91' lang='lat' dir='ltr'>nec</span> <span class='ocrx_word' id='word_1_200' title='bbox 854 2355 899 2392; x_wconf 78' lang='lat' dir='ltr'>ve·</span> 
     </span>
     <span class='ocr_line' id='line_1_30' title="bbox 153 2408 900 2480; baseline 0.003 -16"><span class='ocrx_word' id='word_1_201' title='bbox 153 2409 217 2471; x_wconf 73' lang='lat' dir='ltr'>x&#39;illa</span> <span class='ocrx_word' id='word_1_202' title='bbox 228 2433 284 2472; x_wconf 84' lang='lat' dir='ltr'>curn</span> <span class='ocrx_word' id='word_1_203' title='bbox 296 2419 394 2471; x_wconf 71' lang='lat' dir='ltr'>vexillis</span> <span class='ocrx_word' id='word_1_204' title='bbox 406 2422 511 2480; x_wconf 86' lang='lat' dir='ltr'>tantum,</span> <span class='ocrx_word' id='word_1_205' title='bbox 528 2419 636 2471; x_wconf 75' lang='lat' dir='ltr'>universi</span> <span class='ocrx_word' id='word_1_206' title='bbox 654 2418 740 2471; x_wconf 87' lang='lat' dir='ltr'>hassati</span> <span class='ocrx_word' id='word_1_207' title='bbox 754 2434 810 2469; x_wconf 88' lang='lat' dir='ltr'>cum</span> <span class='ocrx_word' id='word_1_208' title='bbox 821 2408 900 2468; x_wconf 79' lang='lat' dir='ltr'>halla-</span> 
     </span>
     <span class='ocr_line' id='line_1_31' title="bbox 152 2486 903 2565; baseline 0.003 -20"><span class='ocrx_word' id='word_1_209' title='bbox 152 2486 195 2558; x_wconf 78' lang='lat' dir='ltr'>its,</span> <span class='ocrx_word' id='word_1_210' title='bbox 213 2496 335 2562; x_wconf 89' lang='lat' dir='ltr'>principes</span> <span class='ocrx_word' id='word_1_211' title='bbox 352 2512 408 2547; x_wconf 86' lang='lat' dir='ltr'>curn</span> <span class='ocrx_word' id='word_1_212' title='bbox 424 2497 594 2565; x_wconf 75' lang='lat' dir='ltr'>principibus,;</span> <span class='ocrx_word' id='word_1_213' title='bbox 612 2496 653 2549; x_wconf 87' lang='lat' dir='ltr'>sed</span> <span class='ocrx_word' id='word_1_214' title='bbox 673 2497 785 2547; x_wconf 89' lang='lat' dir='ltr'>centurio</span> <span class='ocrx_word' id='word_1_215' title='bbox 802 2502 903 2562; x_wconf 81' lang='lat' dir='ltr'>quoque</span> 
     </span>
     <span class='ocr_line' id='line_1_32' title="bbox 151 2561 903 2637; baseline 0 -15"><span class='ocrx_word' id='word_1_216' title='bbox 151 2561 213 2622; x_wconf 81' lang='lat' dir='ltr'>&#39;cum</span> <span class='ocrx_word' id='word_1_217' title='bbox 226 2574 377 2637; x_wconf 88' lang='lat' dir='ltr'>centurione,</span> <span class='ocrx_word' id='word_1_218' title='bbox 396 2574 412 2624; x_wconf 90' lang='lat' dir='ltr'>sr</span> <span class='ocrx_word' id='word_1_219' title='bbox 424 2575 521 2628; x_wconf 88' lang='lat' dir='ltr'>ordines</span> <span class='ocrx_word' id='word_1_220' title='bbox 533 2575 625 2626; x_wconf 88' lang='lat' dir='ltr'>turbati</span> <span class='ocrx_word' id='word_1_221' title='bbox 636 2590 687 2625; x_wconf 89' lang='lat' dir='ltr'>non</span> <span class='ocrx_word' id='word_1_222' title='bbox 699 2572 781 2637; x_wconf 81' lang='lat' dir='ltr'>essent,</span> <span class='ocrx_word' id='word_1_223' title='bbox 798 2587 903 2623; x_wconf 85' lang='lat' dir='ltr'>concut-</span> 
     </span>
     <span class='ocr_line' id='line_1_33' title="bbox 155 2640 904 2719; baseline 0.003 -20"><span class='ocrx_word' id='word_1_224' title='bbox 155 2649 259 2700; x_wconf 83' lang='lat' dir='ltr'>rendum</span> <span class='ocrx_word' id='word_1_225' title='bbox 274 2650 319 2699; x_wconf 86' lang='lat' dir='ltr'>fibi</span> <span class='ocrx_word' id='word_1_226' title='bbox 330 2649 377 2699; x_wconf 81' lang='lat' dir='ltr'>esse</span> <span class='ocrx_word' id='word_1_227' title='bbox 385 2649 501 2702; x_wconf 88' lang='lat' dir='ltr'>sciebant.</span> <span class='ocrx_word' id='word_1_228' title='bbox 520 2655 579 2704; x_wconf 92' lang='lat' dir='ltr'>Duo</span> <span class='ocrx_word' id='word_1_229' title='bbox 588 2640 705 2719; x_wconf 81' lang='lat' dir='ltr'>prinrlpili</span> <span class='ocrx_word' id='word_1_230' title='bbox 717 2666 749 2701; x_wconf 86' lang='lat' dir='ltr'>ex</span> <span class='ocrx_word' id='word_1_231' title='bbox 760 2660 864 2716; x_wconf 80' lang='lat' dir='ltr'>utraque</span> <span class='ocrx_word' id='word_1_232' title='bbox 874 2666 904 2701; x_wconf 79' lang='lat' dir='ltr'>a·</span> 
     </span>
     <span class='ocr_line' id='line_1_34' title="bbox 157 2727 904 2796; baseline 0.007 -22"><span class='ocrx_word' id='word_1_233' title='bbox 157 2727 195 2775; x_wconf 86' lang='lat' dir='ltr'>cie</span> <span class='ocrx_word' id='word_1_234' title='bbox 207 2728 271 2776; x_wconf 88' lang='lat' dir='ltr'>inter</span> <span class='ocrx_word' id='word_1_235' title='bbox 290 2728 386 2777; x_wconf 87' lang='lat' dir='ltr'>triarios</span> <span class='ocrx_word' id='word_1_236' title='bbox 404 2739 489 2779; x_wconf 85' lang='lat' dir='ltr'>erant:</span> <span class='ocrx_word' id='word_1_237' title='bbox 507 2733 633 2782; x_wconf 86' lang='lat' dir='ltr'>Romanus</span> <span class='ocrx_word' id='word_1_238' title='bbox 651 2744 758 2796; x_wconf 87' lang='lat' dir='ltr'>corpore</span> <span class='ocrx_word' id='word_1_239' title='bbox 774 2727 904 2794; x_wconf 84' lang='lat' dir='ltr'>haudqua-</span> 
     </span>
     <span class='ocr_line' id='line_1_35' title="bbox 156 2795 976 2893; baseline -0.001 -37"><span class='ocrx_word' id='word_1_240' title='bbox 156 2819 233 2869; x_wconf 82' lang='lat' dir='ltr'>quam</span> <span class='ocrx_word' id='word_1_241' title='bbox 250 2804 307 2854; x_wconf 87' lang='lat' dir='ltr'>satis</span> <span class='ocrx_word' id='word_1_242' title='bbox 325 2805 428 2868; x_wconf 88' lang='lat' dir='ltr'>validus,</span> <span class='ocrx_word' id='word_1_243' title='bbox 452 2812 561 2856; x_wconf 81' lang='lat' dir='ltr'>ceterum</span> <span class='ocrx_word' id='word_1_244' title='bbox 576 2806 688 2857; x_wconf 83' lang='lat' dir='ltr'>-strenuus</span> <span class='ocrx_word' id='word_1_245' title='bbox 704 2807 746 2857; x_wconf 81' lang='lat' dir='ltr'>vir</span> <span class='ocrx_word' id='word_1_246' title='bbox 761 2795 906 2893; x_wconf 70' lang='lat' dir='ltr'>peritusque</span> <span class='ocrx_word' id='word_1_247' title='bbox 974 2814 976 2821; x_wconf 63' lang='lat'><strong><em>⁴</em></strong></span> 
     </span>
     <span class='ocr_line' id='line_1_36' title="bbox 150 2874 952 2948; baseline 0.001 -19"><span class='ocrx_word' id='word_1_248' title='bbox 150 2874 269 2929; x_wconf 66' lang='lat' dir='ltr'>militia:</span> <span class='ocrx_word' id='word_1_249' title='bbox 288 2882 391 2933; x_wconf 84' lang='lat' dir='ltr'>Latinus</span> <span class='ocrx_word' id='word_1_250' title='bbox 408 2883 529 2933; x_wconf 88' lang='lat' dir='ltr'>viribus</span> <span class='ocrx_word' id='word_1_251' title='bbox 522 2900 607 2948; x_wconf 78' lang='lat' dir='ltr'>ingens</span> <span class='ocrx_word' id='word_1_252' title='bbox 624 2883 776 2948; x_wconf 87' lang='lat' dir='ltr'>bellatorque</span> <span class='ocrx_word' id='word_1_253' title='bbox 792 2883 905 2948; x_wconf 84' lang='lat' dir='ltr'>primus</span> <span class='ocrx_word' id='word_1_254' title='bbox 896 2919 906 2946; x_wconf 92' lang='lat'>,</span> <span class='ocrx_word' id='word_1_255' title='bbox 948 2878 952 2885; x_wconf 83' lang='lat'>&#39;</span> 
     </span>
     <span class='ocr_line' id='line_1_37' title="bbox 150 2953 905 3088; baseline -0.004 -78"><span class='ocrx_word' id='word_1_256' title='bbox 150 2957 291 3034; x_wconf 70' lang='lat' dir='ltr'>¹notissimi</span> <span class='ocrx_word' id='word_1_257' title='bbox 285 2959 390 3037; x_wconf 66' lang='lat' dir='ltr'>intense,</span> <span class='ocrx_word' id='word_1_258' title='bbox 407 2953 476 3040; x_wconf 68' lang='lat' dir='ltr'>guia</span> <span class='ocrx_word' id='word_1_259' title='bbox 477 2976 548 3035; x_wconf 87' lang='lat' dir='ltr'>pares</span> <span class='ocrx_word' id='word_1_260' title='bbox 559 2961 690 3039; x_wconf 35' lang='lat' dir='ltr'>stupet„</span> <span class='ocrx_word' id='word_1_261' title='bbox 663 2959 761 3019; x_wconf 77' lang='lat' dir='ltr'>ordines</span> <span class='ocrx_word' id='word_1_262' title='bbox 739 2956 905 3088; x_wconf 48' lang='lat' dir='ltr'>⁸appetant.</span> 
     </span>
     <span class='ocr_line' id='line_1_38' title="bbox 801 3024 906 3104; baseline -0.01 -15"><span class='ocrx_word' id='word_1_263' title='bbox 801 3024 906 3104; x_wconf 63' lang='lat' dir='ltr'>onita,</span> 
     </span>
    </p>
   </div>
   <div class='ocr_carea' id='block_1_3' title="bbox 145 3075 220 3113">
    <p class='ocr_par' dir='ltr' id='par_1_3' title="bbox 145 3075 220 3113">
     <span class='ocr_line' id='line_1_39' title="bbox 145 3075 220 3113; baseline 0 0"><span class='ocrx_word' id='word_1_264' title='bbox 145 3075 220 3113; x_wconf 29' lang='lat'>*⁸¹⁰2*</span> 
     </span>
    </p>
   </div>
   <div class='ocr_carea' id='block_1_4' title="bbox 0 0 1005 3660">
    <p class='ocr_par' dir='ltr' id='par_1_4' title="bbox 0 0 1005 3660">
     <span class='ocr_line' id='line_1_40' title="bbox 0 0 1005 3660; baseline 0 0"><span class='ocrx_word' id='word_1_265' title='bbox 0 0 1005 3660; x_wconf 95' lang='lat' dir='ltr'> </span> 
     </span>
    </p>
   </div>
  </div>
 </body>
</html>
