1964 3660
344 144 367 222 u
385 171 397 220 1
415 171 434 222 n
452 171 512 222 nn
547 172 595 223 ιν.
787 184 840 234 ης

91 247 182 314 secum,
199 246 297 313 ignarus
309 265 383 315 quam
396 250 524 315 regionem
539 247 623 301 consul
635 247 738 317 petiiset,
754 251 787 303 ad
798 267 841 302 ur-

93 326 151 378 bem
162 328 283 394 proximis
295 329 422 379 itineribus
434 330 524 395 pergit.

126 407 183 454 XL.
201 407 258 470 Jam
270 409 300 454 eb
310 405 376 456 sama
386 421 476 472 pugnae
487 403 595 456 adverse
607 403 787 474 castrorumque
798 407 841 458 de-

61 482 67 489 “
92 475 214 539 sertorum
234 485 326 561 perlate
337 496 405 536 erat
425 483 517 532 &ante
532 484 617 532 omnia
634 483 755 552 deplorati
772 494 862 537 eraut.

92 561 195 627 equites,
212 577 263 610 non
274 563 374 629 privato
383 575 469 625 magis
482 566 555 625 quim
566 559 675 627 publico,
692 561 775 612 luein:
794 567 841 614 Fa·

91 639 297 705 biusqueconsul,
314 650 407 689 terrore
419 639 474 686 urbi
486 653 585 704 quoque
593 638 695 704 injeito,
712 641 842 692 stationem
902 695 910 715 ἱ

92 729 149 768 ante
160 730 243 785 portas
253 717 358 782 agebat:
375 731 452 782 quum
463 717 565 781 equites,
574 716 661 783 procul
673 717 718 767 visi
730 734 780 769 non
792 718 843 787 sure

91 807 186 847 terrore
202 796 235 846 ab
254 795 344 858 dubiis,
363 796 464 860 quinam
484 793 567 858 essent,
585 808 647 845 mox
667 797 769 861 cogniti,
788 807 842 846 tan·

93 884 145 924 tam
155 889 188 925 eu
198 885 267 923 metu
280 874 391 923 laetitiam
405 872 493 936 iecere,
509 882 538 921 ut
550 872 641 937 clamor
653 872 744 941 urbem,
752 889 841 940 perva-

92 953 160 1004 deret
170 953 356 1018 gratulantium,
373 951 453 1001 salvos
466 950 618 1020 vitioresque
630 950 716 1001 rediise
728 954 840 1016 equitese

92 1033 118 1085 ec
129 1048 161 1082 ex
175 1032 263 1082 moestis
284 1032 358 1097 paulo
378 1033 434 1080 ante
453 1029 575 1093 domibus,
593 1045 647 1096 quae
667 1031 840 1081 conclamave-

92 1122 147 1161 rant
167 1110 231 1172 suos,
249 1119 433 1177 procurreretur
452 1110 478 1159 in
499 1109 551 1157 vias
561 1127 569 1169 ;
586 1107 732 1174 pauidaeque
751 1120 841 1159 matres

91 1205 120 1240 ac
132 1187 258 1250 conjuges,
275 1186 358 1252 oblitae
371 1202 419 1254 prae
431 1185 521 1250 gaudio
530 1185 636 1250 decoris,
651 1186 753 1236 obvium
762 1188 840 1250 agmi-

90 1267 117 1319 ni
129 1276 293 1329 occurrerent,
311 1266 336 1314 in
356 1263 411 1313 suos
425 1279 534 1338 quaeque,
553 1263 623 1313 simul
643 1279 747 1331 corpore
764 1274 841 1331 atque

92 1345 176 1395 animo
196 1343 244 1393 vix
263 1360 313 1410 pree
330 1342 421 1407 gaudio
441 1353 576 1409 compotes,
594 1340 683 1393 effuiae.
720 1343 842 1397 Tribunis

93 1401 219 1490 piebr,qu1
235 1424 273 1471 M.
286 1422 411 1472 Postumio
426 1421 495 1471 8ιΤ.
507 1420 626 1485 Quiniiio
643 1421 841 1486 diemdixerant,

92 1501 159 1568 qubd
170 1501 201 1551 ad
217 1500 293 1564 Vejos
306 1516 391 1551 eorum
403 1500 479 1567 operi
491 1501 554 1550 male
565 1511 702 1567 pugnatum
714 1499 779 1565 effct,
797 1517 840 1552 oc-

92 1578 156 1637 casio
167 1578 220 1629 visa
237 1579 269 1630 est
284 1596 327 1647 per
337 1594 420 1629 recens
434 1579 520 1636 odium
533 1580 669 1645 Sempronii
682 1578 788 1630 consulis
803 1593 840 1629 reo

91 1658 213 1710 novanda
224 1659 250 1708 in
264 1657 424 1708 eosinvidiae.
460 1659 555 1721 Itaque,
573 1654 695 1706 advocate
708 1658 840 1721 concione,

91 1751 167 1802 quum
186 1733 310 1802 proditum
326 1734 394 1796 Vejis
414 1733 593 1799 rempublicam
612 1733 658 1782 effe
675 1732 706 1782 ab
726 1733 840 1798 ducibus,

91 1815 218 1882 proditum
232 1812 329 1876 deinde,
347 1813 405 1877 quia
422 1811 468 1860 iilis
485 1811 587 1876 impune
598 1809 680 1873 fuerit,
698 1811 725 1859 in
743 1809 840 1865 Volscio

90 1892 122 1943 ab
142 1892 241 1943 consule
256 1892 401 1951 exercitum,
418 1888 520 1938 traditos
540 1886 572 1936 ad
589 1888 679 1937 credem
697 1887 840 1938 fortissimos

91 1970 193 2036 equitet,
203 1968 297 2019 deserta
308 1965 370 2016 foede
379 1965 463 2029 castra,
479 1964 611 2015 vociferati
627 1964 701 2012 effert
709 1981 716 2023 ς
736 1968 765 2012 c.
777 1963 841 2028 Juli.

90 2063 127 2111 us,
149 2063 213 2105 tinus
231 2061 264 2097 ex
284 2043 412 2106 Tribunis,
436 2043 605 2108 Tempanium
624 2041 733 2106 equitem
752 2041 840 2093 vocari

88 2125 171 2190 justit:
196 2138 328 2189 coramque
346 2121 388 2186 eis,
415 2123 478 2171 Sexte
495 2120 609 2186 Tempani,
628 2119 718 2185 inquit,
734 2135 799 2186 quero
814 2119 842 2171 de

90 2213 120 2268 te,
136 2202 272 2268 arbitrerisne
285 2205 311 2252 G.
325 2201 471 2268 Sempronium
488 2200 590 2267 consulem
606 2200 677 2249 autin
694 2208 790 2266 tempore
797 2210 841 2266 pu.

85 2298 155 2349 guam
166 2280 233 2349 iuiffe,
250 2289 288 2330 aut
293 2277 491 2347 firmbssesubfidiu
502 2280 577 2341 aciem,
595 2287 633 2327 aut
644 2276 685 2327 ulio
698 2275 744 2328 boui
755 2276 842 2343 consulit

85 2359 187 2423 suabium
198 2359 286 2419 officio?
303 2359 338 2422 dr,
351 2367 399 2407 tune
408 2359 460 2424 ipse,
477 2356 544 2408 vibis
554 2356 669 2430 legionibus
680 2358 791 2420 Romanis,
803 2364 840 2406 tue

90 2434 171 2497 confilio
189 2437 279 2499 equitem
295 2436 324 2484 ad
339 2436 405 2500 pedes
423 2435 542 2498 deduxeris,
558 2435 711 2500 restituerisque
719 2434 841 2500 pugnam?

89 2511 168 2575 excluso
180 2510 288 2562 deiudeab
299 2514 343 2561 arie
354 2514 423 2576 nostra
433 2511 472 2562 tibi
483 2522 545 2579 atque
560 2512 660 2579 equitibus
674 2528 726 2562 uum
742 2520 780 2562 out
790 2527 840 2560 cort·

82 2588 121 2657 sul
137 2589 182 2654 ipse
195 2586 329 2651 submouit,
345 2598 384 2638 aut
400 2589 482 2653 miserit
497 2588 636 2656 prefidium?
650 2587 734 2654 postero
753 2587 842 2652 denique

70 2722 73 2727 ,
88 2667 122 2718 die
133 2664 207 2732 ecquid
211 2663 302 2730 prefidii
313 2666 399 2730 usquam
410 2663 529 2715 habueris?
545 2683 573 2716 ou
585 2677 608 2716 tu
620 2665 727 2732 cohorsque
738 2665 760 2713 iu
771 2661 842 2727 costra

88 2743 163 2808 vested
175 2744 259 2792 virtute
271 2742 436 2811 perruperitis?
452 2746 571 2810 ecquemin
587 2745 660 2810 rosiris
675 2741 786 2808 contulum,
804 2755 840 2793 ec·

88 2839 149 2890 quem
161 2821 277 2872 exereitum
292 2820 440 2870 inveneritis?
457 2839 486 2871 uu
502 2824 583 2890 deserta
597 2823 675 2887 castro,
692 2819 774 2868 retibus
786 2821 840 2884 sau,

88 2903 130 2953 cius
141 2900 240 2949 milites?
266 2900 324 2949 bier
337 2909 380 2964 pro
391 2901 623 2966 virtututuafideque,
639 2899 679 2966 quei
690 2898 731 2946 urb
741 2898 777 2948 boc
788 2897 842 2951 tete

87 2978 204 3047 respublica
216 2976 289 3046 stetit,
305 2977 392 3037 diceudo
410 2976 450 3032 tibi
460 2979 513 3046 sert
530 2977 601 3033 bodie.
623 2976 742 3047 tiberique,
758 2975 802 3098 obp}
810 2979 839 3039 σ,

801 3059 837 3098 m·
