1964 3660
326 227 494 283 LIBER
527 229 563 284 ss.
777 250 817 304 93
860 234 862 238 ’

67 300 287 361 bamincideront.
313 327 362 371 nee
379 326 541 384 temperatum
558 318 670 372 manibus
686 320 766 374 foret:
783 318 820 376 ni·

69 395 173 448 propere
192 384 309 449 consules,
332 390 359 437 P.
380 393 496 442 Servilius
516 394 541 442 ἃ
561 398 610 461 Ap.
633 396 755 463 Claudius,
778 399 811 450 ad

68 459 277 524 comprimendam
288 462 431 515 seditionem
443 469 633 520 intervenissent.
657 476 817 526 Ineosmul·v
834 534 837 539 ,

66 532 148 582 titudo
165 535 242 599 versa,
268 539 386 594 ostentare
404 543 503 592 vincula
523 544 565 594 sua
579 545 810 616 deformitatemque

65 606 147 657 aliam.
165 611 223 659 Haec
235 608 259 658 fe
270 613 370 663 meritos
379 613 467 677 dicere,
477 619 654 682 exprobrantes
662 621 730 673 fuam
741 628 808 691 quis*

66 696 115 746 que
134 684 198 734 alius,
210 687 268 736 alibi
285 688 409 738 militiam.
444 692 565 741 Portutare
583 696 662 744 multo
680 700 809 753 minaciter

17 751 25 760 ’
66 758 151 821 magis,
169 765 243 825 quam
262 761 410 835 suppliciter,
427 775 456 813 ut
473 764 582 817 senatum
594 784 725 823 vocarent:
743 779 807 827 curi·

64 847 154 898 amque
165 835 217 901 ipfi,
234 838 312 888 futuri
321 839 408 889 arbitri
421 840 634 908 moderatoresque
646 847 737 911 publici
749 866 818 903 conr

64 904 117 971 filii,
135 910 319 963 eircumfistunt.
353 914 426 963 Pauci
438 914 571 966 admodum
582 921 689 984 Parrum,
698 939 760 987 quos
768 943 808 978 ca·
870 986 873 994 ¹

64 983 103 1034 sus
111 984 243 1051 obtulerat,
256 987 373 1051 contradi
384 991 415 1039 ad
427 989 549 1041 consules:
568 1004 662 1044 ceteros
670 1009 747 1048 metus
755 1013 808 1054 non

63 1060 133 1125 curia
143 1062 227 1125 modb,
242 1061 282 1114 fed
293 1067 367 1117 etiam
378 1066 434 1116 soro
443 1066 550 1118 arcebat.
567 1083 612 1118 nec
623 1071 663 1134 agi
675 1074 807 1141 quicquam

63 1149 108 1201 per
118 1135 307 1202 infrequentiam
318 1150 415 1207 poterat
424 1140 526 1192 senatur.
546 1145 615 1193 Ttmr
625 1150 685 1196 vcro
696 1147 759 1197 eludi
771 1161 808 1200 at·

63 1226 111 1275 que
120 1215 216 1263 extrahi
226 1214 251 1263 se
259 1216 392 1266 multitudo
403 1228 503 1284 putare;
521 1219 553 1282 de,
571 1222 670 1270 Patrum
684 1223 726 1288 qui
737 1225 806 1275 abes·

62 1287 124 1351 sent,
141 1303 191 1337 non
211 1288 275 1354 casu,
292 1307 343 1340 non
359 1302 436 1355 metu,
454 1283 496 1343 sed
510 1294 670 1360 nnpediendae
683 1299 719 1347 rei
734 1301 806 1352 causa

45 1369 49 1375 '
62 1363 149 1428 abesse,
165 1365 308 1416 &consules
319 1367 385 1435 ipsos
402 1368 573 1432 tergiversar13
595 1386 642 1421 nec
653 1372 725 1424 dubie
741 1375 803 1428 ludi·

61 1439 118 1490 brio
129 1439 175 1490 esse
188 1441 295 1493 miserias
306 1443 368 1494 suar.
401 1447 458 1509 Jam
469 1461 547 1512 prope
558 1457 619 1510 erat,
635 1457 664 1497 ut
673 1464 705 1498 ne
715 1451 803 1503 confu-

60 1519 112 1573 lum
124 1521 220 1586 quidem
236 1522 345 1586 majestas
360 1525 482 1576 codrceret
492 1523 539 1571 iras
549 1523 687 1574 hominum.
715 1543 802 1594 quum,

60 1599 156 1663 incerti,
166 1599 294 1661 morando,
306 1615 337 1648 an
348 1599 481 1662 veniendo,
498 1600 551 1665 plus
559 1601 661 1666 periculi
672 1604 801 1654 contrahe·

60 1685 123 1737 rent,
139 1675 280 1729 tandemin
296 1672 406 1725 senatum
422 1674 543 1724 veniunt:
559 1674 729 1741 frequentique
747 1688 800 1728 tan=

10 1797 15 1809 ,
58 1752 116 1804 dem
127 1752 202 1815 curia,
219 1765 269 1801 non
280 1751 355 1800 modo
366 1753 430 1800 inter
438 1752 528 1812 Patres,
545 1748 585 1800 sed
596 1766 627 1800 ne
638 1753 702 1800 inter
712 1754 800 1804 consu-

58 1827 92 1878 les
112 1828 211 1893 quidem
228 1826 302 1893 ipsos,
319 1828 375 1876 satis
395 1825 568 1876 conveniebat.
604 1827 707 1894 Appius,
724 1829 800 1879 vehe-

58 1905 145 1956 mentis
154 1903 247 1966 ingenii
256 1903 303 1963 vir,
315 1901 419 1967 imperio
428 1900 547 1950 consulari
555 1913 608 1950 rem
618 1901 736 1964 agendam
745 1919 801 1954 cen-

56 1980 138 2030 sebat:
150 1994 202 2027 uno
214 1986 256 2025 aut
264 1976 341 2024 altero
352 1976 583 2040 arrepto,quieturos
591 1975 660 2024 alios.
677 1977 801 2042 Servilius,

55 2058 150 2109 lenibus
162 2051 273 2102 remediis
282 2052 372 2118 aptior,
388 2053 524 2101 concitator
533 2050 628 2101 animos
638 2049 710 2116 flent,
727 2058 801 2118 quam

54 2131 143 2195 frangi,
160 2129 264 2198 putabat
282 2142 360 2194 quum
371 2127 454 2191 tutius,
472 2138 525 2176 tum
537 2125 641 2192 facilius,
652 2126 707 2175 esse.

71 2190 189 2262 1δ’ἰΧΝ,
207 2208 274 2254 Inter
285 2205 336 2254 hae
346 2203 426 2269 major
436 2203 496 2254 aliur
511 2213 599 2254 terror.
626 2204 710 2254 Latini
727 2207 798 2272 equi·
812 2244 815 2249 .

57 2293 92 2339 ter
114 2298 170 2331 cum
189 2281 341 2331 nnnultuoso
362 2279 482 2330 advolant
502 2277 611 2330 nuncio:
637 2279 716 2335 Volscos
737 2283 797 2347 infe,

49 2356 86 2422 sto
107 2357 199 2408 exercitu
218 2355 247 2405 ad
265 2356 337 2405 urlem
352 2356 516 2424 oppugnandam
530 2355 614 2403 uenire.
642 2370 697 2422 quae
711 2356 797 2410 audita

55 2431 128 2493 (adeo
145 2432 205 2485 duas
225 2444 258 2482 ex
276 2446 325 2482 una
342 2431 446 2481 civitate
464 2429 584 2481 discordia
601 2429 701 2497 fecerat)
723 2433 798 2497 longe

54 2509 125 2558 aliter
144 2510 224 2558 Patres
245 2523 274 2559 ac
295 2507 392 2575 plebem
412 2506 522 2557 affecere.
556 2502 684 2556 Exsultare
702 2507 797 2571 gaudio

53 2585 148 2652 plebem
164 2584 240 2633 ultores
250 2581 353 2650 fieperliae
363 2584 456 2632 Parrum
466 2583 531 2648 adeffe
541 2581 621 2632 dicere
632 2585 702 2632 Deos.
730 2584 793 2632 aliur

53 2659 130 2710 alium
147 2648 299 2722 confirmare,
315 2673 346 2727 ne
362 2658 464 2708 nomina
480 2657 583 2709 darent:
606 2672 663 2706 cum
679 2657 795 2708 omnibus

56 2736 148 2803 potior,
162 2740 237 2801 quam
248 2736 320 2799 solos,
336 2734 466 2801 petituros.
500 2736 581 2783 Patres
592 2732 732 2792 militarent,
749 2733 795 2782 Pa·

52 2821 101 2860 tres
117 2827 188 2878 arma
204 2820 324 2881 caperent,
350 2818 378 2859 ut
394 2825 467 2876 penes
483 2808 581 2858 eosdem
600 2807 707 2873 pericula
725 2805 792 2870 belli,

53 2901 127 2947 penes
146 2903 207 2953 quos
228 2878 337 2954 praemia,
359 2884 449 2955 esseut,
473 2887 517 2933 ,Ar
532 2887 593 2931 verb
613 2882 687 2943 cutia,
709 2882 811 2949 moesta·

47 2950 83 3018 ad
93 2961 187 3033 trepida
202 2951 387 3034 ancipiti'metu
400 2961 427 3016 dc
441 2957 474 3015 ab
489 2959 545 3014 cive
562 2959 588 3013 dc
601 2957 634 3012 ab
647 2956 791 3086 holtemma

702 3051 719 3089 V
748 3049 791 3087 Ui!
