1964 3660
139 196 174 260 '9⁶
354 177 358 186 ’
396 189 436 242 τ.
471 182 570 242 ttv
587 184 632 240 tt

141 279 279 348 speiiabat:
297 291 373 344 quum
387 279 491 344 Appius,
508 278 533 327 &
545 276 615 335 insita
625 269 738 341 superbia
749 270 842 340 ammo,
859 267 886 326 R¹
911 275 914 282 '

140 367 170 405 ut
179 357 277 417 collegae
288 368 379 402 vanam
391 352 481 401 laceret
492 351 574 413 fidem,
591 354 665 415 quarn
676 349 805 416 asperrime
816 358 886 415 pote·

140 443 185 495 rat,
191 431 230 493 jus
241 429 271 479 de
280 429 377 479 creditis
385 430 494 496 pecuniis
501 428 591 477 dicere.
607 426 721 493 deinceps
733 427 766 489 dc,
779 426 887 490 quiante

141 507 202 554 nexi
218 503 323 568 fuerant,
339 505 499 554 creditoribus
510 503 675 564 tradebantur,
692 503 717 552 δι
731 500 888 550 acuebannrr

141 581 193 630 alii.
230 579 304 642 Quod
315 581 359 629 ubi
370 582 411 629 cui
423 579 497 639 militi
509 579 637 640 inciderat,
654 577 772 641 collegam
781 575 889 643 appella*

141 654 198 704 bat:
217 654 346 718 concursus
362 654 393 704 ad
405 654 624 714 serviliumfiebat,
641 653 704 702 illius
719 649 835 716 promissa
849 648 888 711 ja-

142 730 247 794 aibant,
256 732 291 781 illi
303 732 486 796 exprobrabant
497 729 538 779 lua
550 728 652 796 quilque
662 727 718 776 belli
724 728 812 775 merita
823 726 887 775 cica-

143 806 263 871 tricesque
271 817 392 873 acceptas.
409 807 569 874 postulabant,
582 814 664 854 utaut
673 802 773 851 referret
783 801 814 851 ad
823 801 889 850 sena-

141 890 203 943 tum,
215 892 257 930 aut
267 893 297 931 ut
306 883 401 932 auxilio
415 881 472 931 ellet
484 883 566 931 consul
578 879 675 929 civibus
684 877 740 940 suia,
751 878 888 942 imperator

142 957 272 1007 militibus.
298 959 439 1008 Movebant
455 957 579 1008 consulem
596 958 661 1015 haec5
684 953 725 1003 sed
735 950 889 1016 tergiversari

142 1047 181 1085 res
188 1034 302 1097 cogebat.
320 1035 382 1084 adeo
393 1037 418 1082 in
429 1034 530 1082 alteram
541 1033 637 1081 causam
645 1046 696 1080 non
704 1030 797 1092 collega
808 1028 888 1079 solum

143 1123 249 1176 preceps
257 1110 327 1173 ierat,
344 1109 383 1158 sed
395 1111 473 1158 omnis
482 1108 555 1157 fallio
567 1108 696 1156 nobilium.
724 1106 768 1167 ita,
779 1104 891 1154 medium-

42 1193 47 1202 “
143 1183 168 1233 le
178 1182 294 1246 gerendo,
310 1197 355 1232 nee
366 1181 445 1248 plebis
457 1184 549 1231 vitavit
561 1182 655 1244 odium,
672 1192 717 1229 nce
729 1178 794 1245 apud
804 1182 886 1230 Patres

105 1308 124 1325 ,ἱ
143 1259 247 1321 gratiam
258 1258 323 1307 iniit.
357 1260 438 1308 Patres
449 1258 548 1307 mollem
560 1256 681 1308 consulem
693 1256 718 1304 ἃ
731 1255 888 1306 ambitiosum

143 1333 205 1393 ταῖς
222 1332 303 1398 plebes
314 1332 434 1382 fallacem.
459 1326 579 1397 bre'vique
590 1332 711 1399 apparuit,
723 1330 823 1396 aequasse
832 1345 892 1381 cunr

144 1409 222 1474 Appii
233 1410 326 1459 odium.
354 1407 633 1459 certamenconsulibus
642 1407 768 1471 inciderat,
784 1407 889 1457 uterde-

144 1481 238 1533 dicaret
248 1484 368 1534 Mercurii
378 1484 464 1534 aedem.
497 1488 596 1534 Senam
608 1466 657 1535 aie
667 1499 720 1533 rem
727 1485 758 1534 ad
770 1484 889 1552 populum

111 1607 115 1610 .
143 1558 246 1620 rejecit:
269 1558 319 1608 utri
339 1574 426 1608 eorum
438 1557 562 1609 dedicatio
573 1558 638 1623 jussu
651 1560 738 1626 populi
751 1558 807 1609 data
823 1557 890 1624 esset,

144 1649 201 1684 eum
214 1632 309 1699 praeeffe
320 1650 431 1698 annone,
446 1646 611 1685 mereatonrm
619 1635 750 1700 collegium
757 1637 889 1701 instituere,

144 1708 253 1759 solennia
269 1725 315 1778 pro
331 1712 447 1778 pontifice
456 1709 522 1774 jullit
533 1710 661 1779 luscipere.
696 1712 803 1779 Populus
818 1712 886 1764 dedi·

143 1784 267 1835 cntionem
278 1786 335 1837 adis
345 1787 387 1838 dat
399 1791 438 1838 M.
455 1792 573 1853 Laetorio,
590 1789 663 1857 primi
672 1789 716 1855 pili
733 1793 886 1844 centurioni:

144 1859 212 1924 quod
221 1859 297 1911 iacild
315 1874 451 1929 appareret,
468 1881 519 1915 non
530 1875 581 1914 tam
594 1863 625 1915 ad
636 1866 758 1916 honorem
771 1868 831 1931 ejus‚'
848 1868 889 1918 cui
950 1908 968 1914 ..

76 1974 80 1981 .
144 1937 240 1987 circatio
251 1938 325 1987 altior
334 1939 432 2005 fastigio
443 1940 487 1990 suo
501 1942 558 1992 data
574 1941 642 2005 eliet‘
651 1941 755 2007 latium,
772 1950 846 2009 quam
857 1943 890 1994 ad

145 2009 274 2062 consulum
288 2014 459 2077 ignominiam.
494 2020 583 2067 sevire
596 2018 653 2068 inde
666 2020 752 2084 utique
763 2019 890 2069 consulum

144 2086 214 2152 alter,
230 2090 368 2156 Patresque.
394 2092 434 2142 led
451 2093 517 2160 plebi
533 2108 661 2146 creverant
676 2097 752 2145 animi
758 2115 765 2156 ς
782 2097 807 2146 ἃ
817 2097 891 2161 longe

144 2163 200 2224 alia,
208 2169 280 2228 quam
292 2166 372 2229 primo
383 2168 541 2232 instituerant,
550 2172 592 2218 vid
603 2171 776 2234 gratiabantur.
796 2171 889 2239 Despe-

145 2246 201 2286 rato
218 2238 283 2286 enim
301 2241 426 2291 consulum
447 2243 590 2310 senatusque
608 2248 710 2309 auxilio,
726 2263 802 2312 quum
813 2251 839 2298 in
849 2251 893 2313 jue

144 2312 203 2364 duci
214 2312 351 2364 debitorem
362 2317 485 2382 vidissent,
497 2321 605 2388 undique
613 2323 789 2374 convolabant.
812 2341 891 2392 neque

145 2389 271 2438 decrcmm
280 2391 393 2440 exaudiri
405 2394 509 2446 consulis
524 2413 572 2464 pre
585 2397 685 2465 llrepitu
696 2400 721 2450 ἃ
732 2401 838 2451 clamore
849 2419 893 2470 po·

145 2474 222 2514 terat:
240 2479 328 2530 neque,
338 2481 415 2531 quum
427 2471 547 2536 deeriffet,
559 2474 686 2540 qnisquam
697 2477 890 2544 obtemperabat.

146 2541 180 2589 Vi
189 2541 314 2606 agebatur,
330 2547 456 2612 metusque
471 2551 550 2598 omnis
567 2551 592 2599 u
609 2551 745 2618 periculum
763 2553 899 2620 libertatis,-

145 2630 222 2682 quum
233 2618 258 2665 in
270 2617 399 2684 conspeetu
413 2622 517 2672 consulis
530 2624 614 2690 singuli
626 2629 759 2694 apluribus
771 2630 892 2681 violaren-

146 2699 195 2754 tur,
212 2691 238 2740 in
255 2693 386 2744 creditores
396 2701 411 2745 a
422 2694 575 2748 debitoribus
586 2713 720 2754 verterant.
753 2709 830 2771 Super
841 2708 892 2757 haec
921 2716 923 2720 ⁴

146 2766 223 2816 timor
241 2768 333 2818 incellit
350 2771 432 2820 Sabini
449 2772 507 2822 belli
516 2793 523 2834 ς
540 2775 680 2844 deleliuqne
694 2780 800 2844 decreto,
818 2796 898 2837 nemo*

147 2856 238 2892 nomen
249 2844 324 2909 dedit,
341 2846 437 2898 furente
447 2851 539 2917 Appio,
557 2853 582 2902 dr
594 2853 721 2908 infestante
729 2857 891 2908 ambitionem

147 2915 262 2984 eollegaer
283 2922 325 2989 qui
338 2925 452 2994 populati
463 2924 557 2991 lileutio
573 2929 749 2998 rempublicam
765 2931 892 3059 prodere'tt,
