1964 3660
155 252 158 258 .
365 188 389 239 L
406 188 419 238 l
436 189 455 238 B
474 188 535 239 ER
570 189 618 238 lV.
820 192 872 252 25}

121 281 221 340 certetur,
238 260 276 325 n'et
286 275 378 341 uirtute,
395 293 431 326 ucc
439 276 555 344 pudentii,
571 291 609 325 nec
620 275 730 344 disciplind
743 277 777 327 rei
787 277 869 327 milita·

123 352 155 399 ris
165 353 277 402 cedendum
288 351 334 419 ff.
361 353 434 403 Haud
445 369 511 402 vana
521 354 640 403 attulere:
659 354 701 406 sed
712 371 756 406 nec
767 356 870 423 perinde

122 429 207 478 Patres
217 431 281 479 moti
292 430 347 480 sunt
355 450 362 493 ;
380 430 405 480 dt
418 433 447 480 C.
461 432 625 496 Sempronius,
643 433 683 481 cui
698 448 727 482 ca
738 433 871 500 provincia

121 501 182 553 sorti
201 507 294 570 evcnit,
311 517 428 573 tanquam
445 505 632 556 constantillirna
651 524 685 572 rc,
703 509 803 566 fortuna
820 508 869 558 fre·

122 589 169 645 tus,
187 582 254 650 quod
265 583 365 635 viddonis
377 585 464 650 populi
476 581 591 633 advertus
602 584 681 635 vidios
694 585 746 636 dux
758 584 822 649 silet,
840 601 870 635 0—

120 659 189 708 mnia
208 669 300 711 temere
318 677 348 710 ac
365 662 516 725 negligenter
533 662 593 724 egit.
617 662 679 712 adeo
690 674 719 712 ut
736 662 872 730 disciplina

121 736 241 785 Romanae
260 738 313 803 plus
333 740 359 787 in
376 737 470 787 Volsco
485 739 604 800 exercitu,
622 745 696 804 quam
708 740 733 788 in
746 743 870 805 Romano,

122 809 189 861 esset.
223 815 290 878 Ergo
302 813 411 878 lontrina,
428 823 457 861 ut
469 813 529 880 saepe
540 812 609 876 alias,
626 815 744 865 virtutem
757 814 789 863 est
801 814 869 865 secu-

122 897 156 938 ta.
190 889 275 940 Primo
286 891 379 958 psallo,
396 889 464 956 quod
475 889 507 938 ab
521 890 666 955 Sempronio
677 892 774 939 incauto
785 893 876 942 incon·

121 963 230 1031 [ultique
242 966 395 1016 commissum
406 966 447 1030 est,
457 979 507 1014 non
518 963 627 1014 subsidiis
639 965 736 1015 firmata
746 968 807 1030 acie,
816 981 870 1018 non

120 1044 203 1108 equite
221 1047 277 1110 aptc
295 1045 387 1108 locato,
405 1041 551 1092 concursum
570 1041 611 1092 est.
636 1043 730 1093 clamor
749 1044 869 1095 indicium

122 1119 230 1184 primum
241 1120 296 1184 fuit,
313 1124 412 1187 quotes
431 1118 576 1169 inclinatura
589 1117 654 1167 ellet.
672 1122 804 1170 excitatior
816 1137 868 1171 cre·

121 1197 238 1262 briorque
249 1199 280 1248 ab
295 1200 363 1250 holle
377 1198 501 1260 sublatus;
519 1199 550 1247 ab
562 1200 681 1248 Romanis
693 1199 806 1263 dissonus,
822 1201 868 1250 im·

121 1289 173 1346 pat,
191 1273 286 1342 segnius
305 1277 367 1346 sape
387 1278 497 1340 iteratus,
515 1277 610 1325 incerto
632 1276 738 1327 clamore
758 1277 869 1346 prodidit

122 1370 243 1422 pavorem
259 1357 408 1406 animorum,
420 1378 422 1384 ·
443 1358 481 1405 Eo
493 1354 601 1405 ferocior
612 1354 692 1404 illatus
704 1355 784 1420 hostis,
795 1371 868 1422 urge—

120 1448 147 1483 re
167 1432 247 1497 scutis,
264 1436 355 1484 micare
375 1431 478 1498 gladiis:
495 1432 571 1481 altera
589 1445 621 1480 cx
641 1442 709 1498 parte
721 1443 809 1484 nutant
820 1433 868 1482 cir-

121 1510 341 1578 cumspedlaotibus
353 1511 435 1576 galcae,
452 1509 573 1559 &incerti
584 1509 713 1575 trepidant,
730 1511 867 1577 applicant·

120 1590 204 1654 que-'le
215 1591 301 1640 turba.
320 1592 392 1655 Signa
408 1603 473 1657 nunc
484 1587 612 1636 resistentia
624 1586 766 1637 deseruntur
777 1589 808 1639 ab
822 1603 867 1638 an·
914 1635 918 1642 .

119 1667 256 1733 resignans,
266 1684 330 1718 nunc
342 1669 404 1716 niter
412 1667 468 1715 suos
477 1665 615 1732 manipulos
628 1665 789 1733 recipiuntur.
802 1682 865 1717 non·

119 1744 178 1796 dum
194 1746 253 1812 fuga
272 1757 346 1811 certa,
364 1745 476 1796 nondum
495 1743 601 1794 vidioria
620 1755 680 1793 erat.
714 1746 769 1810 tegi
787 1748 866 1811 magis

119 1825 254 1889 Romanus,
271 1831 345 1891 quarn
356 1839 475 1892 pugnare.
510 1821 614 1872 Volscus
631 1822 722 1872 inferre
732 1823 806 1889 signa,
822 1839 864 1875 ut·
943 1851 949 1857 ·

34 1926 36 1932 =
120 1917 176 1968 gere
183 1903 274 1964 aciem,
291 1903 344 1970 plus
357 1901 426 1952 cadis
438 1901 543 1951 hostium
555 1900 647 1964 videre,
666 1901 822 1966 quamfugae.
874 1904 880 1913 “

96 2039 105 2047 N
153 1983 305 2031 XXXVIII.
323 1982 380 2045 Jam
391 1979 504 2030 omnibus
512 1979 573 2028 locis
584 1978 688 2029 ceditur.
700 1981 865 2044 nequicquam

119 2058 264 2125 Sempronio
282 2057 381 2110 consule
400 2057 548 2121 objurgante
564 2069 639 2123 atque
655 2059 778 2122 hortante,
801 2059 864 2108 nihil

118 2151 164 2186 nec
181 2137 325 2205 imperinm,‘
343 2151 388 2185 nec
407 2135 517 2199 majestas
536 2136 649 2186 valebat:
674 2136 779 2205 dataque
795 2146 864 2189 ‘mox

118 2225 186 2280 terga
198 2216 305 2268 hosticus
324 2215 415 2279 forent,
431 2215 458 2264 ni
471 2219 527 2265 Sex.
541 2215 702 2282 Tempanius,
719 2216 819 2268 decurio
835 2231 864 2266 c·

34 2341 38 2347 .
117 2295 223 2360 quitum,
241 2296 337 2346 labente
352 2295 404 2360 jam
422 2310 456 2359 rc,
474 2292 586 2362 praesenti
602 2295 686 2344 animo
704 2293 862 2347 subvenisset.-

117 2373 164 2436 qui
171 2390 247 2438 quum
264 2376 354 2440 magud
365 2389 429 2424 vocc
446 2372 607 2436 exclamassen
624 2383 648 2424 ut
665 2374 751 2440 equites,
768 2375 804 2442 qui
817 2374 861 2437 fal-¹

116 2462 171 2495 vam
182 2450 332 2514 rempublitcm
347 2450 427 2499 ueiltnt
438 2449 484 2516 ‘ffls
501 2466 528 2499 ex
542 2448 730 2516 cquisdefilirsnt3
747 2453 861 2502 omnium

117 2533 253 2574 turmarum
270 2527 401 2590 equitibus,
418 2524 529 2577 velutad
546 2523 651 2583 consulis
662 2526 794 2592 imperium
804 2542 860 2575 mo·

116 2601 155 2663 tic,
173 2599 229 2664 Nist
238 2599 288 2665 ben·
302 2601 389 2666 inquit,
406 2608 492 2649 umato
502 2599 574 2648 cohors
587 2599 650 2666 fistat
671 2602 777 2667 impetum
795 2601 860 2665 bosti-

114 2693 160 2741 um,
177 2677 248 2726 adum
259 2679 284 2726 de
298 2677 388 2744 imperio
406 2676 445 2740 est.
471 2677 589 2741 Sequimini
597 2688 638 2744 pro
653 2679 736 2729 ‘uexillo
752 2679 864 2743 cuspidem

113 2771 193 2805 meum.
219 2755 319 2820 uieudite
330 2757 432 2805 Romanis
451 2754 573 2821 Volscisque,
598 2771 662 2822 neque
678 2755 778 2823 equitibus
798 2754 864 2806 urbis

114 2834 167 2883 ullos
195 2836 280 2902 equites,
313 2849 351 2882 nec
374 2830 481 2899 peditibus
505 2831 544 2899 ff
559 2832 642 2898 pedites
662 2845 736 2898 pares.
770 2836 863 2897 Qunnr
901 2855 914 2869 -

115 2911 227 2975 clamore,
244 2911 407 2979 comprobata
421 2909 563 2958 adhortatio
574 2906 640 2970 esset,
657 2909 729 2960 vadit
747 2909 795 2960 alti
814 2927 862 2962 cu-

113 2985 210 3058 {pidum
235 3003 330 3056 gerens.
361 2983 657 3058 quacunqucincedunn
680 2987 709 3038 vi
730 2987 858 3107 viarnsta·
939 3006 943 3014 ⁴

154 3086 157 3089 ,
200 3076 202 3082 ·
770 3070 863 3112 cumn

254 3168 263 3194 Ι
