1964 3660
107 202 157 250 420
362 190 399 240 T.
434 189 591 241 L1v11

110 279 156 342 pit,
174 288 220 325 nec
240 275 305 326 Gabi
323 277 347 326 se
366 278 468 327 statione
487 287 627 343 tenuerunt,
644 274 670 327 ec
685 276 862 330 Rornanorum

109 352 193 400 cursus
205 352 236 400 ad
248 353 366 403 viliorem
379 355 453 403 etiam
463 355 532 404 ocior
540 354 597 403 suit.
631 353 679 416 lbi,
697 354 765 403 cirea
775 354 861 418 jacen-

111 429 142 477 tis
153 431 217 478 Galli
227 446 315 496 corpus
325 430 451 480 contraiio
463 433 602 495 certamine,
620 445 703 496 pugna
714 441 792 480 atrox
801 446 872 482 con-i

110 503 209 549 citatur.
244 506 299 564 Jam
312 520 362 554 non
380 507 511 572 manipulis
529 505 701 570 proximarum
717 504 860 568 stationum,
879 568 883 573 ,

110 575 152 625 sed
167 577 302 639 legionibus
319 582 434 646 utrinque
452 582 529 630 effusis
544 596 582 630 res
601 582 705 645 geritur.
742 583 861 632 Camillus

110 652 195 702 laetum
203 655 306 705 militem
315 657 420 707 viilorii
430 659 531 722 tribuni,
549 657 630 709 laetum
639 657 860 724 tampraesentibus

111 742 141 776 ae
158 728 268 779 secundis
286 732 348 795 Diis,
366 734 401 781 ire
418 735 443 783 in
461 733 669 802 proe-liumjubet:
687 733 860 800 ostentansque

110 803 228 868 insignem
239 807 321 873 spoliis
333 810 467 872 tribunum,
484 812 547 859 Hunc
561 810 655 872 imitare,
672 809 742 874 miles,
761 811 859 871 aicbat;

111 880 140 930 (τ
149 882 205 929 eirea
210 884 319 944 jacentem
329 885 401 933 ducem
407 885 480 948 sterne
492 885 605 934 Gallorum
614 893 725 935 catervas.
760 884 805 934 Dii
813 886 860 935 ho·

112 958 238 1025 minesque
249 961 283 1009 illi
293 960 383 1026 affuere
394 956 481 1028 pugnae
487 961 722 1027 pdepugnatumque
734 961 860 1027 haudqua-

46 1067 49 1076 ·
112 1050 188 1101 quam
205 1030 342 1089 certamine'
354 1040 471 1103 ambiguo
489 1054 546 1089 cum
565 1039 642 1088 Gallis
660 1037 702 1087 esi.
719 1037 784 1090 adeo
796 1040 857 1090 duo

112 1129 167 1163 rum
184 1117 290 1166 militurn
306 1128 432 1180 eventum,
450 1119 513 1166 inter
523 1132 585 1181 quos
600 1126 739 1182 pugnatum
750 1127 812 1179 erat,
828 1132 857 1166 u·

113 1200 198 1254 traque
209 1194 272 1242 acies
283 1195 368 1242 animis
380 1203 531 1260 perceperat.
553 1196 620 1241 Inter
631 1192 733 1257 primos,
750 1207 860 1256 quorum

113 1267 243 1317 concursus
263 1271 322 1319 alios
343 1271 478 1333 exciverat,
497 1280 570 1318 atrox
591 1267 703 1333 proelium
720 1267 784 1317 suit:
810 1268 858 1316 alia

112 1344 253 1405 multitudo,
273 1347 412 1411 priusquam
422 1346 452 1394 ad
463 1343 599 1407 conjeslum
613 1342 655 1390 teli
666 1345 773 1406 veniret,
790 1352 859 1412 terga

113 1421 197 1468 uertit.
232 1424 315 1471 Primb
325 1437 369 1490 per
387 1425 490 1473 Volscos
502 1423 681 1486 Falernumque
694 1437 783 1485 agrum
794 1420 858 1471 dilli-

113 1498 163 1562 pati
175 1495 245 1545 suut:
263 1499 319 1547 inde
338 1501 453 1565 Apuliam
472 1515 501 1546 ac
517 1512 585 1546 mare
603 1497 709 1547 inserum
723 1499 859 1564 petierimt.

114 1575 212 1635 Consul,
223 1578 342 1626 concione
353 1576 481 1636 advocati,
494 1575 621 1624 laudatum
632 1573 761 1624 tribunum
772 1574 867 1641 decem,

112 1651 192 1701 bubus
209 1656 329 1720 aureique
346 1655 437 1706 coron'a
454 1654 539 1703 donat.
557 1653 616 1721 ipse,
630 1652 707 1724 jussus
723 1653 756 1702 ab
771 1652 856 1704 senatu

112 1729 202 1779 bellum
214 1734 364 1782 maritimum
376 1746 467 1794 curare,
486 1747 541 1780 cum
554 1741 658 1796 praetore
667 1729 753 1794 junxit
770 1731 855 1780 casira.

112 1808 157 1870 lbi,
174 1810 230 1873 quia
241 1826 278 1859 res
290 1812 352 1859 trahi
365 1809 467 1872 segnitia
478 1810 621 1857 Graecorum
632 1823 684 1857 non
699 1808 856 1857 committen-

113 1887 175 1934 tium
193 1885 216 1932 se
236 1887 262 1934 in
281 1890 359 1937 aciem
371 1886 526 1946 ridebantur,
544 1883 687 1932 dislatorem
699 1884 858 1934 comitiorum

112 1960 184 2009 causa
196 1965 230 2009 T.
243 1964 365 2012 Manlium
378 1966 534 2024 Torquatum
547 1973 579 2008 ex
598 1957 743 2007 austoritate
761 1957 858 2008 senatus

111 2038 184 2086 dixit.
220 2038 340 2102 Distator,
356 2039 470 2101 magistro
482 2036 592 2100 equitum
605 2039 637 2084 A.
655 2036 772 2088 Cornelio
783 2034 858 2096 Cosso

112 2112 186 2174 dieto,
205 2116 305 2164 comitia
322 2112 457 2162 consularia
475 2113 569 2177 babuit,
587 2111 749 2176 aemulumque
760 2110 856 2162 decoris

113 2191 150 2240 sui
161 2190 286 2239 absentem
300 2195 338 2239 M.
358 2191 484 2239 Valerium
498 2194 617 2251 Corvum,
635 2189 669 2254 (id
680 2191 747 2239 enim
763 2189 799 2239 illi
812 2188 855 2238 de-

112 2267 169 2317 inde
188 2269 341 2329 cognominis
360 2266 416 2329 suit)
433 2266 529 2317 summo
549 2267 636 2318 favore
650 2269 748 2334 populi,
763 2277 812 2316 tres
828 2267 855 2318 ἃ

112 2340 204 2404 ,viginti
221 2349 304 2388 natum
324 2357 411 2403 annosy
426 2341 551 2390 consulem
570 2343 734 2391 renunciavit.
757 2341 857 2405 collega

114 2418 200 2468 Corvo
217 2415 247 2465 de
264 2417 334 2483 plebe
352 2421 390 2465 M.
399 2407 521 2486 'Popillius
533 2420 620 2468 Laenas
636 2423 751 2482 quartum
767 2417 855 2472 consul
906 2410 909 2415 ’

113 2496 209 2548 iuturus
221 2494 289 2545 datus
301 2495 341 2543 est.
366 2498 429 2544 Cum
441 2495 532 2546 Grecis
543 2501 558 2544 a
570 2495 675 2545 Camillo
685 2495 854 2544 nullamemo-

111 2573 195 2624 rabilis
208 2572 269 2635 gella
281 2587 331 2620 res:
350 2588 394 2620 nec
406 2573 441 2621 illi
453 2572 524 2634 terri,
539 2587 584 2620 nec
593 2575 720 2621 Romanus
727 2571 792 2620 mari
802 2571 856 2620 bel«

112 2653 177 2700 lator
193 2661 253 2698 erat.
287 2649 416 2711 Postremo,
434 2663 510 2713 quum
521 2647 645 2698 littoribus
661 2655 810 2709 arcerentur,
827 2663 855 2698 a-

112 2729 162 2794 qui
171 2728 245 2779 etiam
254 2737 340 2792 praeter
351 2736 429 2774 cetera
443 2724 573 2773 necessaria
583 2723 639 2772 usui
649 2721 787 2784 deficiente,
805 2726 856 2773 Ita·

112 2808 172 2857 liam
184 2804 310 2868 reliquere.
345 2801 420 2863 Cujus
432 2802 518 2867 populi
529 2817 566 2863 ea,
581 2799 701 2863 'cujusque
709 2799 789 2860 gentis
799 2797 857 2847 elas·

102 2885 142 2949 ¹sis
154 2881 237 2940 suerit,
253 2878 313 2928 nihil
324 2879 383 2926 certi
400 2877 441 2925 cll.
459 2878 567 2926 maxime
584 2875 671 2924 Siciliae
687 2873 757 2923 fuisse
768 2885 855 2939 tyran-

113 2975 160 3015 nos
179 2954 333 3010 crediderim.
352 2968 411 3007 natu
426 2951 529 3007 ulterior
540 2952 651 3017 erecta,
667 2950 697 3000 ei
716 2951 857 3079 tenpessstsste

342 3061 348 3069 ,
739 3035 792 3076 mee
839 3038 856 3077 o
