1964 3660
362 184 385 236 1.
402 187 415 235 1
433 187 450 234 n
468 169 489 234 a
506 187 529 236 n
563 187 638 236 vm.
821 193 873 256 ⁴⁸¹.

125 272 173 337 lec,
195 288 237 339 qne
256 273 398 341 interrogatus
417 291 447 338 es,
465 275 572 340 respmde.
596 285 778 338 excedentem,
797 291 874 346 vacem

123 351 208 399 mittas.
235 352 327 413 Accede,
338 351 408 401 iiiior.
444 351 569 401 Adversus
581 367 634 416 quae
646 351 738 415 singula
748 366 824 416 quum
834 367 873 400 re-

124 425 243 492 spondere
254 427 320 477 haud
331 428 402 476 facile
414 427 479 491 ellet,
493 429 517 476 8<
529 444 593 477 nunc
607 440 755 494 quereretur,
765 427 873 495 eundern

124 502 292 553 accusatorem
304 506 391 570 capitis
402 504 438 553 sui
451 520 480 552 ac
493 504 601 566 judicem
612 504 674 564 effe;
690 505 776 568 modo,
793 504 874 571 vitant

124 580 170 629 fibi
181 581 243 646 eripi
255 583 335 644 citius,
353 588 426 647 quam
438 583 543 646 gloriam
555 597 638 630 rerum
650 583 778 644 gestarum,
796 580 872 647 polle,

123 657 316 719 vociferaretur,
334 670 495 725 purgaretque
515 659 540 707 se
558 659 585 706 in
597 658 685 722 vicem,
712 667 785 722 atque
806 659 873 708 ultro

123 733 264 783 accusaret:
291 745 350 784 tnnc
371 737 489 802 Papirius,
514 735 679 798 redintegrata
701 735 745 795 iri,
772 735 873 807 spoliari

123 812 265 874 magistrrnn
277 813 397 877 equitum,
414 829 442 861 ac
455 813 537 876 virgas
550 811 678 861 &secures
697 810 808 876 expediri
820 810 872 874 jus÷

122 887 161 936 tir.
196 888 294 950 Fabius,
317 888 392 938 fidem
412 889 519 938 militurn
539 890 681 955 implorans,
700 880 872 941 'lacerantibus

123 965 215 1014 vellem
230 965 364 1029 littoribus,
381 965 412 1015 ad
427 966 531 1029 triarios,
549 967 683 1015 tumultum
698 965 750 1027 jam
768 965 793 1013 in
811 980 871 1023 ροη-Ι

123 1043 195 1092 tione
211 1041 347 1105 miscentes,
366 1041 415 1092 sese
432 1043 535 1109 recepit.
570 1041 631 1092 Inde
646 1042 740 1091 clamor
752 1041 777 1089 in
793 1052 872 1092 totam

79 1186 83 1190 Ι
122 1119 269 1170 concionem
280 1107 312 1170 cll
325 1123 444 1187 perlatus:
462 1121 521 1170 alibi
533 1124 623 1188 preces,
641 1119 699 1168 alibi
711 1120 784 1169 mina
800 1114 870 1167 audi·¹

122 1197 236 1247 ebantur.
262 1200 305 1264 qui
326 1200 436 1266 proximi
455 1199 519 1248 forte
535 1198 646 1247 >tribunal
666 1197 788 1265 steterant,
812 1197 872 1262 quia

122 1274 223 1337 subjeiii
235 1277 312 1325 oculis
326 1278 481 1342 imperatoris
490 1275 606 1326 noscitari
619 1286 740 1344 poterant,
757 1275 871 1339 orabant,

122 1362 150 1400 ut
161 1363 273 1417 parceret
287 1353 403 1416 magistro
415 1353 534 1418 equitum,
551 1368 669 1402 naucum
686 1367 716 1400 co
732 1351 871 1406 exercitum

121 1425 256 1476 damnaret.
290 1431 408 1478 Extrema
427 1429 515 1478 concio
534 1428 558 1478 ἃ
576 1429 640 1477 circa
656 1428 761 1476 Fabium
778 1426 869 1491 globus

120 1503 281 1571 increpabant
297 1505 469 1555 inclementem
486 1503 644 1554 distatorem:
664 1519 709 1563 nec
726 1504 812 1569 procul
831 1503 870 1552 se·

121 1581 216 1631 ditione
230 1582 340 1630 aberant.
358 1596 389 1628 ne
404 1572 510 1629 tribunal
528 1580 628 1644 quIdem
646 1577 702 1627 satis
714 1581 825 1644 quietum
842 1595 869 1627 e-

119 1666 167 1703 rat.
202 1655 289 1717 Legati
309 1655 488 1704 circumstantes
501 1653 582 1702 sellam
594 1654 707 1718 orabant,
726 1665 754 1702 ut
771 1653 824 1702 rem
841 1653 869 1705 in

119 1729 242 1795 posterum
250 1729 316 1779 dictu
329 1729 445 1792 differret,
463 1729 488 1779 8<
503 1727 600 1778 irasuae
613 1728 726 1795 spatium,
745 1728 770 1778 ἃ
790 1728 869 1780 consr-

118 1801 154 1854 tio
166 1816 262 1870 tempus
273 1805 357 1854 daret:
377 1807 437 1855 Satis
454 1804 579 1871 castigatam
590 1804 748 1870 adolescentiam
760 1804 823 1855 Fabii
836 1808 869 1874 es·

117 1885 157 1947 fi:
169 1883 226 1946 setis
235 1881 379 1946 defirmatam
390 1881 506 1930 vitiorium
517 1900 525 1929 .·
543 1898 569 1931 nc
579 1883 608 1931 od
615 1890 734 1933 extremum
739 1885 869 1950 finem-fiep‘·

115 1958 178 2024 plicii
191 1957 301 2007 tenderet:
318 1975 358 2007 nen
368 1961 435 2023 unico,
447 1960 595 2023 jactacione
609 1962 671 2025 patri
686 1961 738 2024 nus,
755 1960 868 2026 elariffimo

118 2038 178 2098 viro,
194 2052 233 2086 nen
244 2035 314 2086 Fabia
321 2038 383 2104 genti
400 2053 447 2085 eam
466 2038 587 2105 injungeret
598 2039 744 2105 ignominiam.
781 2042 868 2102 Quum

119 2129 206 2183 parum
217 2115 338 2180 precibus,
356 2130 444 2183 parum
459 2117 531 2165 causi
542 2115 698 2183 proficerent,
715 2117 794 2177 intueri
798 2118 868 2182 sevi-

118 2201 189 2242 entem
199 2194 316 2243 concionem
325 2194 455 2256 jubebant.
472 2195 504 2244 ita
519 2195 612 2245 ineatis
623 2195 718 2244 militam
729 2196 807 2245 animis
812 2186 866 2262 stib-

117 2271 168 2320 dere
183 2272 255 2338 ignem
271 2287 297 2321 ee
313 2273 428 2322 materiam
441 2273 552 2338 seditioni,
569 2289 609 2323 non
620 2272 659 2340 effe
669 2275 745 2337 etatis,
760 2291 801 2323 non
808 2285 866 2340 pref

116 2351 190 2398 letitie
200 2352 253 2414 ejas.
270 2352 375 2400 neminem
387 2351 410 2398 id
420 2354 454 2416 st.
466 2352 541 2414 Fabio,
556 2363 643 2417 poenam
657 2352 778 2419 deprecanti
790 2353 865 2416 ficem,

117 2427 174 2475 vitio
185 2430 307 2492 versurum,
316 2428 357 2491 sed
366 2427 473 2490 didatori,
482 2427 505 2491 fi
515 2438 623 2478 ocreeatns
634 2429 669 2477 ird
679 2430 782 2493 infestam
792 2430 867 2479 multi·

116 2505 211 2557 tudinem
227 2506 249 2554 in
262 2507 289 2570 se
305 2517 377 2571 pravo
388 2507 504 2554 certamine
515 2505 620 2573 moviffet.
638 2506 758 2569 Postrema,
773 2523 799 2555 ne
810 2507 834 2555 id
837 2507 866 2573 se

111 2583 190 2650 gratie
201 2582 253 2631 dare
258 2586 291 2648 Q
301 2582 365 2634 Fabii
374 2584 475 2644 crederet,
477 2584 502 2647 se
505 2584 657 2646 jusjurandum
665 2583 716 2634 dare
720 2593 810 2651 paratas
816 2585 864 2652 efflv,

115 2656 156 2711 non
167 2661 238 2710 videri
249 2661 385 2726 erepublica,
397 2662 419 2709 in
428 2665 461 2729 2.
470 2659 560 2709 Fabium
572 2679 595 2710 eo
605 2671 701 2729 tempore
706 2663 865 2714 animadverti,

149 2739 278 2787 XXXIII.
296 2739 341 2787 His
354 2738 458 2788 vocibus
471 2753 547 2802 quum
559 2739 586 2788 in
598 2739 623 2789 se
637 2741 715 2804 magis
733 2741 865 2792 incitarent

115 2812 269 2880 littatorem,
293 2820 368 2881 quarn
387 2815 412 2865 in
436 2816 577 2880 magistrum
597 2819 709 2884 equitum
729 2818 863 2886 placarent,

113 2891 170 2959 juni
180 2894 210 2943 de
221 2893 339 2944 tribunali
350 2892 493 2945 descendere
504 2894 592 2961 legati:
611 2897 644 2962 ἃ,
661 2896 756 2968 silentIo
765 2901 864 2963 nequic-

113 2987 191 3040 quam
207 2987 252 3044 per
267 2967 407 3043 preconem
423 2983 528 3041 tenuta,
551 2986 637 3048 quum,
652 2989 702 3046 pra
721 2965 863 3042 strepituac
896 3000 899 3005 ·

160 3065 164 3071 ·
251 3057 253 3061 ’
316 3049 320 3055 ’
450 3050 456 3058 “
481 3051 531 3106 Χ“
743 3053 861 3123 tumultu,
