1964 3660
178 212 227 266 '122
439 215 475 266 T.
510 215 668 268 L1v11

177 313 244 365 eant,
260 301 309 350 sine
328 305 452 364 mentione
472 307 631 372 promulgatae
650 308 709 370 legis
729 306 759 357 de
780 305 923 359 consulibua

177 377 288 428 creandis
299 393 331 426 cx
343 379 420 444 plebe,
438 381 462 434 n
479 381 582 447 imperio
600 383 625 431 de
642 383 774 446 insignibus
789 384 923 433 consulari·

179 454 225 502 bus
236 453 301 502 ulos.
336 457 394 503 Non
406 467 485 505 tamen
498 472 544 523 pro
556 457 654 507 firmato
661 458 712 521 jam
723 459 787 508 stetit
798 461 922 524 magistra·

179 532 218 579 tris
230 531 281 594 ejus
290 531 341 593 jus;
361 533 418 596 quia
436 535 508 583 tertio
519 535 609 599 mense,
627 541 700 600 quim
711 538 827 600 inierunt,
844 551 923 600 augu-

176 621 233 657 rum
245 608 352 672 decreto,
370 610 469 675 perinde
488 627 517 660 ac
535 612 600 661 vitio
618 614 701 676 creati,
718 614 924 674 honoreabiere;

178 683 244 749 qued
264 688 292 733 C.
313 686 419 748 curtius,
437 688 479 751 qni
492 688 598 736 comitiis
617 703 704 738 corum
722 689 860 756 praefuerat,
878 706 923 756 pa·

178 773 234 809 nun
245 759 306 809 reue
318 761 500 811 tabernaculum
513 765 620 829 cepillet.
638 764 725 827 Legati
737 764 769 813 ab
781 764 862 813 Ardea
871 768 923 814 Ro·

178 852 245 888 mam
256 850 384 902 venerunt,
401 840 435 889 ita
452 839 482 889 de
500 841 589 904 injuria
607 852 742 908 querentes,
758 851 794 906 ut,
812 841 923 890 fideme-

178 926 246 966 retnr
257 932 293 980 ea,
311 917 336 966 in
348 917 437 967 soedere
448 929 522 983 atque
539 920 648 970 amicitia
662 918 795 983 mansuros,
812 920 923 970 restituto

177 1008 249 1057 agro,
267 1003 402 1060 appareret.
438 995 479 1043 Ab
498 993 582 1044 senatu
601 994 743 1061 responsum
763 995 803 1059 eii,
815 996 923 1059 judicium

175 1071 251 1137 populi
259 1072 348 1136 rescindi
358 1071 383 1119 ab
388 1072 465 1136 senatu
472 1086 515 1121 nort
523 1071 587 1138 peffl·‚
602 1081 741 1138 preterquam
752 1072 805 1138 quid
819 1071 874 1121 nullo
885 1086 923 1121 nec

178 1149 273 1213 exemplo
287 1165 325 1196 nee
335 1149 387 1212 jere
397 1149 470 1210 fieret,
486 1149 595 1197 cuncordia
605 1149 670 1198 etiam
681 1150 778 1198 ordinum
791 1150 863 1198 carrd.
896 1148 924 1198 Si

176 1224 288 1278 Ardeates
297 1225 339 1289 jiea
354 1231 449 1288 tempora
459 1223 578 1288 exspeiiare
589 1224 665 1287 velint,
682 1224 833 1290 arbitriumque
837 1225 923 1290 fremui

177 1300 272 1349 levanda
282 1300 362 1364 injurie
374 1302 418 1365 sue
433 1301 571 1364 permittent,
582 1299 645 1363 fore,
660 1308 685 1350 ut
692 1300 799 1366 peslmede
805 1301 923 1367 gaudeant,

171 1376 245 1443 stira
256 1376 371 1426 moderates
380 1393 387 1437 3
398 1375 514 1440 sciantque,
526 1373 626 1424 Patribus
636 1380 689 1439 eque
699 1378 829 1442 ceresuffe,
845 1393 871 1425 ne
881 1393 923 1443 pree

175 1450 256 1514 injuria
270 1451 292 1498 in
311 1467 344 1500 rer
354 1451 453 1517 oriretur,
469 1465 494 1499 ac
504 1449 696 1499 »corradum
707 1448 763 1516 effer.
790 1454 829 1500 Ita
840 1452 924 1516 legati,

178 1541 255 1592 quum
266 1525 352 1578 serem
364 1528 485 1591 integram
499 1527 617 1576 relaturos
628 1524 750 1595 dixissent,
767 1528 870 1576 comiter
883 1528 922 1576 di·

178 1603 249 1654 milii.
283 1606 391 1671 Patricii,
407 1619 485 1671 quum
496 1603 545 1654 sure
564 1603 642 1654 curuli
653 1603 792 1667 magistratu
803 1603 920 1669 respubli-

153 1676 156 1689 '
177 1696 207 1734 ce
226 1681 291 1746 esset,
316 1685 406 1748 coiere,
425 1684 450 1732 ἃ
468 1683 616 1747 interregem
634 1695 759 1732 creavere.
782 1682 919 1744 contentib,
939 1691 946 1708 ⁹

127 1770 129 1774 '
174 1759 327 1826 consulesne,
343 1778 375 1811 an
387 1761 479 1811 tribuni
489 1761 597 1811 militum
615 1768 764 1823 crearenmr,
780 1758 807 1808 in
819 1758 920 1808 interre·

177 1850 229 1903 gno
240 1852 292 1887 rem
303 1837 353 1890 dier
374 1840 511 1907 complures
527 1840 615 1889 tenuit.
649 1841 762 1888 Interrex
778 1852 806 1886 ac
817 1837 921 1902 senatus,

177 1913 307 1967 consulum
318 1918 435 1978 comitia;
451 1916 631 1984 tribuniplebis
642 1917 667 1968 ἃ
678 1916 754 1983 plebs,
766 1915 922 1966 tribunorum

175 1993 327 2045 rnilitum'ut
336 1995 481 2060 habeantur,
498 1994 611 2046 tendunt.
629 1996 749 2044 Vicerunt
760 1996 849 2054 Patres,
863 1992 923 2057 quia

179 2068 205 2120 ἃ
216 2071 292 2136 plebs,
309 2072 417 2139 patriciis
428 2071 470 2121 seu
486 2071 553 2124 hune
569 2071 611 2121 seu
628 2071 697 2121 illum
714 2069 823 2121 delanua
840 2069 921 2121 hono·

178 2159 239 2209 rem,
256 2146 342 2197 frustra
353 2160 445 2198 certare
462 2145 593 2213 supersedit
601 2165 609 2196 t
617 2147 652 2195 -&
663 2146 785 2213 principes
801 2145 880 2210 plebis
891 2161 920 2196 ea

177 2223 279 2272 comitia
288 2225 419 2290 malebant,
428 2225 516 2290 quibus
524 2239 575 2272 nen
584 2224 713 2272 haberetur
721 2223 785 2271 ratio
793 2222 837 2284 sui,
847 2228 921 2286 quim

177 2298 265 2364 quibue
276 2309 304 2350 ut
315 2300 409 2364 indigni
424 2300 611 2366 praterirentur.
630 2299 722 2347 tribuni
734 2313 832 2362 quoque
843 2298 920 2363 plebie

177 2385 301 2426 certamen
315 2377 363 2426 sine
382 2376 468 2426 effestu
487 2377 513 2425 in
524 2375 645 2425 beneficio
662 2375 728 2442 apud
739 2375 858 2440 primores
874 2377 919 2426 Pa·

172 2461 244 2503 trum
254 2454 380 2519 reliquere.
416 2457 451 2503 T.
464 2450 594 2517 Quiniiius
610 2452 727 2502 Barbatus
739 2453 849 2503 interrex
859 2467 919 2502 con·

177 2531 239 2584 sulee
250 2543 315 2582 creat
326 2534 357 2582 L.
369 2532 494 2598 Papirium
508 2531 683 2595 Mugillanum,
699 2532 730 2581 L.
750 2530 919 2595 Sempronium

178 2610 328 2659 Atratinum.
363 2609 407 2657 His
422 2607 560 2656 consulibus
573 2623 629 2656 cum
638 2605 783 2656 Ardeatibus
795 2604 871 2671 foedue
882 2619 919 2653 re·

176 2697 300 2737 novatum
319 2685 360 2734 eii.
384 2686 459 2750 idque
478 2685 634 2735 monumenti
654 2683 695 2746 est,
713 2681 821 2735 consules
838 2698 879 2738 eos
890 2682 920 2731 il·

176 2764 203 2813 lo
214 2779 279 2813 anno
293 2761 370 2822 suillo,
388 2764 430 2827 qui
448 2778 528 2826 neque
547 2763 573 2811 in
593 2760 721 2811 annalibus
733 2760 823 2826 priscis,
840 2774 920 2823 neque

178 2839 204 2887 in
215 2839 282 2888 libris
292 2837 476 2901 magistratuum
488 2836 656 2898 inveniuntur.
675 2835 756 2897 credo,
768 2832 833 2898 quud
842 2833 920 2882 tribu·

177 2919 205 2966 ni
221 2917 327 2966 militum
344 2916 417 2964 initio
436 2916 494 2964 anni
513 2914 621 2975 suerunt,
638 2927 677 2976 eo,
695 2911 794 2979 perinde
805 2927 834 2960 ac
851 2910 919 2960 fito·

175 3001 231 3048 mm
243 3007 335 3048 aunrun
344 2992 372 3045 lu
382 2992 488 3064 imperio
499 2990 599 3056 fuerint,
611 2988 713 3046 iuuenis
723 2989 760 3041 hie
771 2987 918 3049 consulibua,

171 3104 179 3118 ι.
577 3072 582 3107 2
819 3073 917 3135 Piaetetn
