1964 3660
388 184 610 241 LIBERI.
706 195 709 200 '
839 208 872 267 η·

128 269 275 339 pertinebat.
308 268 386 322 Lente
397 289 468 337 agere
477 276 506 328 iis
515 277 603 324 Tatius
612 273 742 341 Sabinique
753 278 796 328 vifi
806 279 869 332 sunt.

125 349 175 414 ‹lpfi
168 350 248 398 rinter
259 347 282 396 se
291 357 338 396 tres
349 350 434 414 populi
446 353 610 400 communiter
620 350 710 400 bellum
719 365 813 419 parant.
832 360 872 406 Ne

130 424 281 472 Crustumini
289 423 387 488 quidem
398 435 471 489 atque
482 429 648 489 Antemnates,
666 441 711 492 pro
725 429 829 479 ardore'
822 448 869 481 ira·

126 515 174 564 que
184 501 368 565 Caeninensium,
385 502 440 550 satis
449 501 583 568 seimpigrc
594 514 705 551 movent.
725 506 759 553 ita
773 522 817 580 per
833 508 869 556 se

127 575 206 642 ipsum
221 592 311 626 nomen
324 578 468 626 Caeninum
461 595 486 626 in
498 594 584 642 agrurn
595 583 755 630 Romanum
748 594 869 648 impetum

125 651 194 705 facit.
230 653 274 702 Sed
285 654 359 703 effuse
375 655 524 703 vastantibus
540 654 570 704 fit
584 656 673 705 obvius
684 674 740 707 cum
759 661 869 708 exercitu

126 730 257 794 Romulus,
272 731 370 796 levique
379 732 510 780 certamine
524 731 604 795 docet,
613 747 703 782 vanam
714 734 762 783 stne
774 736 868 786 viribus

127 805 187 854 iram
201 807 260 855 etse:
287 808 423 856 exercitum
440 808 521 857 sundit
538 809 671 873 fugatque:
688 811 768 860 susum
788 812 867 878 perse-

126 883 209 946 quitur
219 903 224 932 :
242 900 324 949 regem
333 887 357 934 in
366 886 452 951 proelio
461 886 597 949 obtruncat,
605 887 629 934 Sc
639 886 734 952 spoliat.
753 887 813 937 duce
822 892 867 940 ho-

126 959 197 1009 stium
210 963 299 1025 occiso,
316 964 403 1012 urbem
415 965 496 1037 primo
505 965 598 1029 impetu
616 965 690 1028 capit.
725 965 785 1012 Inde
796 981 866 1015 exer·

127 1037 179 1085 citu
190 1039 397 1103 viiioreredusto,
409 1041 459 1106 ipse
469 1045 525 1089 cum
534 1040 601 1091 sadis
610 1042 649 1089 vir
658 1040 808 1101 magnificus,
815 1054 868 1093 tum

121 1113 245 1164 saelorum
256 1117 387 1166 ostentator
399 1117 464 1167 haud
479 1118 569 1180 minor,
586 1116 663 1182 spolia
676 1115 743 1165 ducis
763 1117 867 1168 hostium

126 1189 177 1238 ctefi
186 1190 295 1258 suspensa
303 1192 422 1243 fabricato
433 1193 464 1241 ad
472 1192 496 1242 id
505 1195 560 1257 apte
571 1191 663 1240 ferculo
674 1205 766 1254 gerens,
784 1192 809 1240 in
820 1196 866 1242 Ca·

126 1265 239 1331 pitolium
254 1268 374 1318 ascendit:
391 1270 474 1334 ibique
486 1285 514 1317 ea
528 1284 604 1333 quum
614 1267 644 1317 ad
657 1283 772 1331 quercum
787 1268 865 1334 pasio-

123 1343 191 1392 ribus
210 1342 301 1394 sacram
317 1345 469 1424 deposuisset,
487 1346 555 1394 simul
573 1359 628 1394 cum
645 1343 712 1394 dono
731 1343 866 1407 defignavit

125 1422 217 1487 templo
228 1425 299 1487 Jovis
311 1423 369 1472 fines
371 1438 573 1486 ,cognomenque
584 1420 677 1470 addidit
688 1424 757 1470 Deo:
775 1423 866 1486 Jupiter

124 1498 217 1562 Feretri,
234 1501 321 1565 inquit,
333 1500 372 1548 hec
382 1501 420 1549 tr
400 1497 609 1548 vifiorlimulus
619 1513 657 1546 rex
667 1513 727 1564 regia
737 1513 798 1546 arma
804 1498 865 1562 sero,

124 1576 291 1642 templumque
274 1593 302 1625 m
312 1575 436 1643 regionibus,
452 1592 502 1642 quas
513 1577 574 1624 modi
581 1576 651 1625 animo
662 1583 752 1623 metatus
757 1576 816 1639 stem,
827 1575 863 1623 de·
878 1586 883 1594 ‘

123 1653 175 1716 eico,
186 1654 259 1717 fidem
270 1655 347 1720 opimis
351 1654 434 1719 spoliis,
444 1669 493 1719 que,
505 1651 587 1720 regibus
598 1651 716 1715 ducibusque
729 1651 816 1713 hossium
828 1666 863 1700 ce·

118 1725 158 1790 fis,
174 1744 209 1776 me
218 1727 324 1778 auderem
334 1731 445 1795 sequentes,
460 1728 538 1793 posteri
549 1728 633 1791 secut.
667 1730 726 1775 Haec
735 1725 819 1790 templi
830 1727 864 1775 est

122 1803 202 1866 origo,
220 1802 288 1869 quod
302 1804 408 1870 primum
422 1804 535 1853 omniurn
548 1807 634 1852 Romae
642 1801 762 1853 sacratum
770 1802 811 1850 eu.
829 1802 864 1853 ita

115 1876 208 1928 >deinde
216 1881 271 1928 Duc
282 1879 371 1942 visum,
380 1894 425 1928 nec
434 1880 527 1928 irritam
536 1879 669 1929 conditoris
678 1877 761 1942 templi
774 1891 863 1927 vocem

121 1952 174 2019 esse,
192 1955 241 2020 qud
256 1955 349 2002 laturos
362 1950 397 2000 'eo
419 1952 494 2018 spolia
505 1953 611 2017 posteros
626 1952 792 2016 nuncupavit:
810 1966 864 2013 nee,

121 2030 278 2080 multitudine
289 2037 441 2093 compotum,
451 2027 502 2089 ejus
510 2027 569 2076 doni
579 2027 673 2089 vulgari
684 2025 788 2073 laudem.
806 2025 865 2077 bina

121 2108 209 2172 postea,
219 2109 283 2155 inter
293 2115 332 2155 tot
344 2118 428 2166 annos,
440 2114 478 2153 tot
489 2102 558 2165 bella,
568 2102 652 2168 opima
662 2111 732 2169 parta
742 2101 797 2153 sunt
807 2102 863 2171 spo,-

120 2184 162 2234 tia.
179 2184 240 2234 adeo
251 2199 305 2232 rara
315 2182 367 2244 ejus
378 2180 477 2229 fortuna
487 2180 581 2231 decoris
592 2180 648 2229 suit.

153 2264 199 2309 xt.
217 2265 285 2309 Dum
294 2259 365 2308 eaibi
374 2256 480 2307 Romani
489 2268 583 2321 gerunt,
595 2258 780 2308 Antemnatium
790 2272 861 2310 excr-

118 2336 190 2399 citus,
207 2352 249 2402 per
257 2334 409 2386 occasionem
420 2351 448 2384 ac
462 2334 625 2397 solitudinem,
638 2335 754 2384 hostiliter
765 2336 789 2384 in
802 2335 861 2388 fines

119 2414 245 2465 Romanos
256 2413 417 2463 incurfioncm
428 2412 495 2463 facit.
529 2413 619 2478 raptim
630 2412 655 2461 ἃ
666 2412 697 2462 ad
713 2413 758 2463 hos
769 2415 861 2464 Roma·

118 2504 153 2539 na
168 2489 232 2554 legio
248 2491 319 2540 duiia
337 2492 429 2557 palatos
448 2491 474 2539 in
490 2491 553 2553 agris
564 2489 686 2556 oppressit.
721 2489 774 2541 Fufi
786 2490 862 2552 igitur

118 2568 201 2633 primo
209 2568 450 2634 impetu&clamore
459 2567 549 2617 hostes:
562 2567 681 2632 oppidum
690 2578 797 2632 captum.
816 2564 860 2613 du·

120 2643 225 2709 pliciquc
241 2646 344 2695 viiiorit
355 2655 472 2696 ovantem
483 2645 617 2695 Romulum
628 2645 728 2694 Hersilia
742 2642 862 2706 conjunx,

119 2719 232 2784 precibus
246 2731 368 2786 raptarum
378 2721 487 2785 fatigata,
505 2731 566 2783 orat,
583 2731 611 2769 ut
628 2719 766 2786 parentibus
778 2731 862 2769 catum

118 2795 162 2844 det
175 2797 281 2858 veniam,
298 2798 328 2846 ετ
339 2800 363 2847 in
382 2799 509 2849 civitatem
525 2798 643 2863 accipiat:
667 2797 701 2843 ita
712 2809 764 2841 rem
781 2792 860 2841 coale-

118 2872 184 2922 scere
195 2873 408 2940 concordiipoffe.
434 2873 677 2937 sacileimpetratum.
704 2868 764 2917 Inde
776 2881 860 2920 contra
912 2933 914 2937 y

118 2949 287 3009 Crustuminos
301 2948 433 3071 profesius,
452 2947 542 3003 bellum
557 2945 695 3001 inserentes
728 2945 768 2999 Ibi
779 2946 861 3001 minus

774 3022 860 3089 etiam,
