1964 3660
155 229 206 283 342
412 222 452 276 Ὗ.
487 225 645 279 Ltvtt

155 310 227 373 gravi
239 309 295 360 casu
307 311 445 379 reipublicae
456 313 537 364 secum
549 318 650 380 agitare.
674 317 739 366 Hinc
748 316 842 384 Volsci,
854 333 905 369 ve·

154 397 215 438 teres
233 389 319 453 hostes,
336 391 367 441 ad
378 392 581 455 exstinguendum
599 411 691 445 nornen
703 400 842 447 Romanum
861 414 904 447 ar-

154 480 194 513 ma
206 480 327 531 ceperant,
345 470 403 519 hinc
412 471 516 520 Etruriae
529 473 670 538 principum
681 489 714 523 ex
725 474 842 524 omnibus
854 491 903 541 po·

153 543 217 608 pulla
229 545 424 607 conjurationem
437 546 466 595 de
478 547 552 610 bello,
570 549 601 598 ad
613 550 698 600 fanum
710 551 904 605 Voltumnaesa·

154 618 224 676 Ram.
242 634 389 672 mercatores
404 622 546 673 afferebant.
564 641 647 676 novus
658 642 756 692 quoque
767 637 848 676 terror
859 643 904 678 ac·

154 693 253 744 cefferat
272 695 408 748 deleilione
430 701 578 748 Latinorum
598 702 820 766 Hernicorumque,
847 703 902 767 qui,

154 773 207 837 poll
222 788 330 840 pugnam
352 775 383 825 ad
400 775 481 826 lacum
500 777 622 839 Regillum
643 777 740 841 fatiam,
758 794 802 844 per
821 791 904 830 annos

153 845 230 917 prope
242 864 342 902 centum
353 869 478 919 nunquam
488 855 603 918 ambigua
612 855 661 904 fide
673 858 698 905 in
708 856 843 905 amicitiam
853 873 903 923 po·

154 930 205 995 puli
218 933 323 981 Romani
335 932 440 982 fuerant.
476 934 561 998 Itaque
570 921 646 999 quum
658 935 720 983 tanti
731 933 841 998 undique
850 946 902 984 rer-

152 1020 219 1056 rores
238 1008 426 1071 circumllarent,
443 1019 619 1073 appareretque
634 1009 758 1072 omnibus,
775 1024 826 1059 non
838 1010 901 1060 odio

153 1083 233 1134 solum
250 1085 315 1152 apud
329 1085 415 1148 holles,
438 1083 479 1134 sed
495 1097 640 1153 contemptu
657 1087 731 1135 etiam
743 1087 807 1155 inter
818 1086 902 1137 socios

151 1177 245 1214 nomen
261 1166 400 1212 Romanum
418 1161 546 1223 laborare;
563 1163 656 1229 placuit
675 1162 765 1212 eisdem
782 1162 915 1229 auspiciis¹

151 1236 249 1287 delendi
267 1237 453 1304 rempublicam,
470 1237 559 1302 quibus
576 1249 720 1306 recuperata
740 1237 804 1302 ellit,
820 1237 900 1288 diua-

151 1325 280 1380 toremque
300 1315 348 1364 dici
366 1315 519 1364 MAEurium
533 1315 673 1365 Camillum.
696 1319 732 1364 ·ls
749 1315 855 1367 distator
868 1317 899 1365 C.
974 1378 977 1382 ι

151 1393 282 1442 Servilium
296 1393 398 1442 Ahalam
416 1392 558 1455 magistrum
569 1393 681 1457 equitnm
691 1393 772 1443 dixit:
789 1392 898 1457 justitio·

151 1485 198 1535 que
212 1468 313 1533 indiilo,
329 1467 447 1519 deleilum
462 1468 590 1530 juniorum
608 1471 703 1534 habuit,
722 1473 756 1520 ita
775 1481 804 1519 ut
815 1469 897 1520 senio·

150 1560 187 1595 res
198 1559 306 1610 quoque,
324 1545 413 1610 quibus
423 1543 516 1608 aliquid
527 1544 624 1593 roboris
637 1544 774 1612 lupcress'et,
797 1548 822 1596 in
838 1561 897 1596 ver·
916 1550 921 1559 “

150 1624 182 1676 ba
198 1622 240 1672 sua
257 1623 354 1686 juratos
373 1622 528 1672 centuriaret.
564 1624 710 1677 Exercitum
729 1623 898 1690 conscriptum

149 1711 320 1765 armatumque
337 1698 458 1749 trifariam
474 1697 565 1748 divisit.
584 1709 680 1766 partem
696 1714 773 1750 unam
789 1701 816 1751 ia
832 1715 897 1764 agro

130 1842 133 1849 Ι
151 1778 256 1842 Veiente
270 1777 373 1828 Etruria
384 1776 502 1844 opposuit
514 1795 520 1826 ι
538 1777 641 1828 alteram
652 1787 709 1828 ante
721 1777 808 1829 urbem
819 1777 897 1830 casstu

149 1857 232 1911 locare
248 1855 322 1920 jnffit.
341 1855 454 1905 tribunus
470 1855 577 1904 militum
597 1855 635 1905 his
654 1859 687 1906 Α.
705 1856 821 1920 Manlius,
838 1854 896 1920 illis,

148 1935 192 2001 qui
212 1932 329 1984 adversus
344 1932 458 1984 Etmscoc
474 1933 645 1996 mittebantur,
663 1934 696 1982 L.
707 1933 821 1983 AEmilitu
832 1947 895 1999 praa

149 2012 257 2080 positus:
275 2013 373 2064 tertiam
390 2023 484 2078 partem
502 2010 553 2078 ipse
569 2011 600 2060 ad
618 2010 723 2062 volscos
741 2010 822 2061 duxit.
848 2025 896 2063 nec

149 2090 236 2158 procul
245 2090 409 2140 ab-Lanuvio
426 2090 464 2155 (ad
471 2090 608 2139 Maianis
622 2089 692 2139 locus
702 2087 803 2155 dicitur)
820 2088 896 2141 castra

149 2182 292 2234 oppugnare
309 2167 342 2215 ell
353 2166 463 2216 adortus.
483 2167 588 2230 Quibus,
606 2167 638 2216 ab
658 2178 803 2232 contemptu
817 2166 896 2232 [quod

148 2247 333 2311 propeomnem
349 2241 476 2291 deletama
493 2243 570 2290 Gallia
587 2247 724 2292 Romanam
730 2242 897 2304 juventutem

147 2320 282 2381 crederent)
299 2318 330 2374 ad
349 2317 442 2367 bellum
461 2315 697 2383 prolenis,··ranrum
710 2319 828 2368 Camillus
847 2335 893 2370 au·
929 2372 934 2381 ,

147 2399 211 2449 ditus
224 2398 358 2463 imperator
369 2396 466 2447 terroris
477 2395 601 2461 intulerat,
617 2406 646 2445 ut
657 2395 725 2446 vallo
733 2395 759 2445 se
773 2395 825 2465 ipfi,
838 2398 893 2448 val-

146 2477 199 2528 lum
215 2478 334 2539 congestis
353 2471 482 2526 arboribus
501 2469 621 2541 sepirent,
632 2490 664 2527 ue
682 2475 731 2542 qua
751 2477 842 2526 intrare
859 2478 893 2529 ad

146 2557 299 2607 munimenta
310 2557 383 2606 bottis
396 2552 480 2620 pollet.
487 2566 499 2581 “
516 2552 591 2618 Quod
602 2553 647 2604 ubi
658 2554 834 2606 animadvortit
845 2560 893 2604 Ca·

103 2645 106 2652 ’
147 2634 237 2696 millns,
254 2636 336 2696 ignem
347 2633 373 2680 in
385 2627 602 2696 objeilam‘sepem
612 2630 703 2694 conjici
712 2631 789 2694 juffit.
807 2631 832 2680 ἃ
844 2631 894 2681 lor-

147 2715 171 2760 tc
182 2723 234 2760 erat
245 2713 283 2760 vis
300 2725 390 2773 magna
407 2711 477 2758 venri
497 2705 569 2756 versa
584 2707 610 2756 ln
623 2708 724 2759 hostem.
742 2710 825 2774 itaque
841 2723 892 2758 non

146 2791 243 2855 aperuit
260 2787 339 2838 solum
356 2788 470 2838 inccndio
487 2788 565 2850 viam,
588 2785 636 2850 sed,
654 2788 760 2837 flammis
776 2790 802 2837 ia
817 2787 892 2837 callra

146 2865 311 2927 tendentibus,
327 2880 424 2931 vapore,
434 2865 507 2912 ctiam
519 2878 547 2911 ac
564 2861 635 2913 fumo
650 2865 794 2931 crepituque
805 2863 892 2914 viridis

146 2942 253 2990 materia
273 2941 407 3005 flagrantia,
424 2941 459 3011 ita
476 2938 641 2990 consternavit
652 2939 746 2999 bollear
765 2948 793 2988 ut
808 2939 893 2990 minor

145 3016 224 3068 molet
238 3015 409 3085 superantibua
418 3017 512 3080 uallum¹
521 3015 631 3068 uratia
640 3012 788 3070 volscorum
797 3016 889 3099 Roma-

549 3102 553 3108 ·
837 3102 889 3143 uta
