1964 3660
442 142 445 149 ,
593 123 601 142 S

114 170 169 232 ass
365 158 414 225 -r,
447 160 609 242 nturi

112 249 206 311 litend'o
213 256 238 309 sc
245 249 527 310 ultoree'foreMaeliaua‘
536 250 770 320 credie,cr‘earennrr.
781 249 867 322 l’lelie,

112 340 256 405 quanquam
277 340 369 405 agitati
385 338 468 407 multis
486 353 516 385 eo
531 350 597 384 anno
620 337 646 384 ἃ
659 330 869 387 variis-molibus·

112 427 173 480 erat,
190 430 237 464 nee
248 417 336 483 plures,
354 420 428 481 quam
444 424 502 478 tres,
518 413 632 462 tribunos
648 413 770 463 consulari
787 423 860 479 pote·
883 420 892 431 ⁸

110 491 171 542 state
183 494 286 555 creavit,
304 491 444 544 &iniisL
456 489 601 555 Quindilum
611 491 750 540 Cincinnati
762 492 867 540 filium-e

112 578 146 618 ex
158 571 226 632 eujus
233 570 361 622 distaturae
370 569 464 620 invidia
474 569 592 618 tumultus
600 569 761 633 quaerebatur
795 571 865 616 Prae.

110 646 174 695 latus
192 642 311 714 suffragiis
330 647 448 712 Quinctio
465 649 545 696 Mam.
560 646 682 712 AEmilius,
699 648 740 697 vir
759 645 866 695 summa·

111 719 305 784 dignitatisL
308 723 421 787 .Julium
433 721 533 770 tertium
545 732 636 771 creant.

146 800 234 848 XVII'.
253 803 283 849 In
302 801 392 855 horum
406 799 547 863 magistratu
567 797 672 861 Fidenae,
686 797 788 848 ¹colonia
804 800 857 847 Ro·

110 888 194 939 mana,
212 876 243 927 ad
263 874 364 927 Lartem
382 877 546 926 Tolumnium
564 875 708 938 Vejentiurn
729 890 812 939 regem
828 889 859 922 ae

112 954 230 1017 chentes
250 953 368 1004 defecere.
403 953 486 1016 Majus
503 950 615 1001 additum
628 950 759 1000 defectioni
771 949 856 999 seclus.

113 1035 144 1080 C.
158 1030 305 1094 Fulcinium,
324 1030 435 1081 Cloelium
448 1031 560 1093 Tullum,
579 1033 619 1096 sp.
630 1030 749 1090 Antium,
763 1031 794 1077 L.
805 1030 857 1075 nos

112 1108 198 1173 scium,
216 1106 453 1174 lega'tosRomanos',
470 1108 567 1157 causam
575 1108 641 1156 novi·
648 1107 738 1157 consilii
748 1120 857 1172 quaeren·

111 1196 156 1247 tes,
172 1183 235 1245 jussu
248 1185 377 1233 Tolumnii
389 1182 571 1232 interfecerunt.
600 1187 698 1232 Levant
710 1183 809 1248 quidam
820 1196 857 1230 re·

112 1262 149 1321 gis
165 1259 268 1307 facinus.
293 1261 317 1307 in
335 1259 474 1306 tesserarum
491 1255 608 1324 prospero
622 1257 688 1320 jastu
703 1272 792 1306 rocem
805 1257 866 1318 ejus⁴

111 1336 261 1400 ambiguam,
279 1345 307 1383 ut
316 1335 396 1384 occidi
410 1331 497 1398 jussisse
507 1333 640 1395 videretur,
658 1335 689 1382 ab
699 1333 857 1383 Fidenatibus

112 1423 252 1477 exceptam,
269 1408 366 1460 causam
376 1411 465 1459 mortis
475 1408 645 1473 legatisfuiffe.
680 1413 742 1458 Rem
751 1411 857 1460 incredi-

106 1488 207 1548 ·bilem;
230 1489 372 1537 interventu
392 1486 553 1550 Fidenatium,
576 1502 704 1538 novorum
724 1488 868 1554 (ociorum,¹

112 1563 292 1614 consulentium
304 1565 334 1614 de
350 1557 414 1615 caede
425 1575 527 1632 ruptura
533 1565 575 1629 jur
585 1565 704 1629 gentium,
721 1579 772 1614 non
783 1581 858 1615 aver-

111 1640 166 1697 sum
177 1643 208 1690 ab
219 1642 356 1691 intentione
366 1641 431 1691 lusus
439 1642 563 1692 animum:
581 1656 626 1692 nec
635 1641 722 1691 deinde
734 1643 759 1690 in
766 1643 856 1692 horro-

111 1734 164 1770 rem
174 1718 271 1769 versum
279 1720 383 1770 facinus.
401 1721 502 1788 propius
513 1720 546 1768 eli
555 1718 636 1782 fidem,
655 1718 772 1784 obstringi
784 1721 855 1770 Fide·

112 1798 208 1848 natium
219 1800 348 1865 populum,
366 1812 396 1847 ne
407 1797 525 1865 respicere
534 1796 602 1865 spem
612 1798 688 1847 ullam
698 1798 730 1846 ab
739 1799 863 1848 Romanis·

111 1875 197 1944 pollet,
215 1876 363 1927 conscientil
374 1878 436 1926 tanti
448 1875 542 1926 sceleris
553 1874 666 1927 voluisse.
695 1878 855 1940 Legatorum,

110 1957 154 2020 qui
170 1955 264 2005 Fidenis
277 1956 327 2006 caesr
339 1965 416 2023 crant,
433 1955 515 2004 statua
526 1955 622 2022 publice
631 1957 657 2004 in
674 1955 764 2008 Rostris
773 1954 856 2022 posrtae

112 2031 177 2083 sunt.
214 2039 276 2084 Cum
301 2035 445 2098 Vejentibus
465 2033 677 2100 Fidenatibusque,
695 2044 866 2100 praeterquam·

112 2110 224 2161 finitimis
238 2113 343 2180 populis,
359 2112 391 2162 ab
404 2110 475 2169 eausa
488 2113 563 2161 etiam
580 2123 631 2161 tarn
644 2110 748 2160 nefanda
764 2111 855 2160 bellum

111 2188 219 2251 exorsis,
231 2200 305 2239 atrox
324 2189 451 2239 dimicatio
470 2188 581 2238 instabat.
616 2190 701 2251 Itaque
720 2185 750 2235 ad
771 2203 855 2238 curam

111 2262 212 2313 sumnta
221 2281 309 2331 rerum,
317 2262 399 2332 quieti
407 2265 478 2337 plebe
489 2262 676 2329 tribunisque]
655 2277 668 2310 e
679 2277 717 2327 us,
725 2263 785 2311 nihil
794 2280 854 2314 con·

112 2341 236 2392 trovertiae
252 2343 308 2408 fuit,
325 2345 383 2410 quin
398 2341 511 2393 consules
525 2349 665 2390 crearentur
675 2341 714 2388 M.
728 2336 867 2403 Geganius

69 2454 72 2458 ⁴
111 2420 256 2470 Macerinus
271 2416 450 2473 teniumch
463 2420 557 2484 Sergius
569 2416 686 2478 Fidenas,
702 2418 856 2469 abellocre

112 2495 155 2561 do,
173 2498 240 2563 quod
251 2500 338 2550 deinde
349 2498 597 2565 gellit,appellan1m.
631 2497 858 2563 Hicenimprinrue

110 2574 146 2624 eis
159 2578 280 2627 Anienem
292 2593 348 2626 cum
359 2593 475 2642 regeJ
429 2577 475 2641 VeJ'
478 2575 571 2626 entium
583 2573 689 2625 secundo
698 2567 783 2641 proelio
795 2592 855 2625 con·

111 2653 187 2719 flixit,
204 2672 249 2705 nec
266 2657 418 2705 incruentam
437 2654 566 2704 sitlor'iam
583 2653 674 2703 retulit.
709 2653 815 2716 Major'
809 2666 865 2703 rta-

111 2743 161 2794 que
173 2748 205 2781 ex
225 2731 321 2782 civibus
340 2732 427 2780 amissis
439 2731 518 2795 dolor,
536 2736 609 2797 quam
620 2730 704 2781 latitia
715 2729 770 2779 fusis
782 2731 856 2780 hosti·

111 2804 158 2859 bus
169 2808 225 2859 luit.
250 2809 275 2863 8<
292 2807 397 2873 senatus,
413 2818 441 2857 ut
458 2809 484 2858 in
501 2809 602 2876 trepidis
617 2809 696 2872 rebus,
712 2806 856 2859 didatorem

107 2882 163 2933 'dici
174 2891 254 2938 Mam.
267 2887 394 2937 AEmilium
403 2887 478 2951 juffit'.
512 2891 537 2938 Is
549 2888 690 2952 magistrum
702 2887 812 2951 equitum
823 2900 864 2937 ex

111 2957 229 3026 collegio
235 2963 325 3031 prioris
341 2965 408 3031 anni,
425 2979 476 3033 quo
493 2963 574 3015 fimul
570 2963 670 3015 tribuni
677 2963 867 3080 mintumscssnv

794 3043 809 3076 u
834 3029 869 3078 ui
