1964 3660
360 160 385 213 L
401 160 416 214 Ῐ
431 161 450 214 B
467 161 489 215 E
504 159 528 215 R
558 161 588 215 1.'
620 150 636 180 Ἠ
651 189 663 201 ”
807 163 846 222 Ι)

67 269 72 282 ·
96 263 145 301 one
154 249 311 316 interempto,
327 248 405 300 boves
413 254 474 302 mira
484 251 562 318 specie
574 248 678 314 abegisse
688 260 842 313 memorant,

97 343 126 376 ac
138 341 216 393 prope
229 326 343 374 Tiberim
353 328 468 391 fluvium,
484 329 542 392 qua,
557 342 605 392 pra
622 325 646 375 se
659 336 798 376 armentum
813 341 841 375 a·

96 418 163 467 gent,
181 402 263 452 nando
278 393 412 466 trajecerat,
424 405 480 453 loeo
492 401 602 465 herbido,
619 413 650 452 ut
661 404 744 468 quiete
757 403 781 452 ἃ
795 417 840 469 pa·

96 477 157 527 bulo
167 477 225 527 laeto
236 475 346 526 reficeret
356 477 442 538 boves,
465 478 490 527 &
506 477 586 543 ipsum
599 475 685 526 sessum
696 477 738 525 vil
749 491 840 543 procu-
870 480 873 490 ’

96 553 181 603 buisse.
200 555 236 601 ibi
247 569 324 618 quum
341 569 398 602 eum
414 553 471 603 cibo
488 555 598 618 vinoque
617 563 747 617 gravatum
764 551 841 619 sopor

95 629 251 694 oppressisset,
270 629 350 695 pallor
360 629 444 677 accola
455 627 506 690 ejus
516 628 575 692 loci,
590 630 690 678 nomine
703 631 789 691 Cacus,
802 628 838 678 se⁴

94 719 143 755 rox
153 705 259 767 viribus,
276 715 362 770 captus
371 704 552 769 pulchritudine
557 705 642 767 boum,
654 720 730 769 quum
741 715 839 755 averte·

95 794 123 830 rc
134 797 189 829 eam
204 780 310 847 praedam
323 780 412 839 vellet3
432 781 499 844 quia,
518 780 534 828 sr
551 780 646 844 agendo
662 792 800 836 armentum
811 781 839 832 in

43 854 48 863 ’
96 855 237 922 speluncam
248 854 407 922 compulisset,
427 854 479 922 ipsa
491 854 592 918 vestigia
602 867 750 921 quarentem
758 857 839 906 domi-

96 946 157 983 uum
165 937 196 981 eo
203 931 334 981 deduaura
341 940 417 990 etant;
424 930 523 980 aversos
530 931 616 995 boves,
624 933 742 981 eximium
752 947 838 996 quern·

96 1025 147 1074 que
156 1009 342 1076 pulchritudine,
354 1007 436 1058 caudis
444 1009 469 1056 in
481 1007 619 1074 speluncam
631 1009 715 1056 traxit.
744 1013 838 1058 Hercu-

98 1087 134 1135 les
145 1085 174 1133 ad
185 1086 289 1151 primam
303 1097 417 1132 auroram
432 1082 521 1132 somno
528 1082 632 1151 excitus,
651 1097 727 1146 quum
739 1097 839 1146 gregem

98 1160 256 1229 perlustrasset
270 1161 354 1223 oculis,
371 1161 396 1209 ἃ
410 1169 504 1225 partem
518 1158 598 1208 abesse
611 1173 715 1208 numero
726 1157 838 1227 sensisset,

96 1237 177 1306 pergit
187 1236 216 1286 ad
229 1237 369 1301 proximam
380 1234 526 1298 speluncam,
538 1235 555 1283 sr
566 1234 629 1284 sorte
640 1239 670 1283 eo
679 1235 779 1300 vestigia
789 1236 840 1288 ser·

95 1324 159 1365 rent.
187 1327 241 1376 quae
251 1311 295 1359 ubi
309 1311 392 1360 omnia
403 1310 468 1359 foras
479 1309 548 1359 versa
560 1309 631 1373 vidit,
649 1313 730 1360 necin
741 1324 838 1378 partem

96 1389 170 1439 aliam
180 1387 252 1450 serre,
263 1384 377 1435 confusus
388 1395 461 1450 atque
472 1386 577 1434 incertus
588 1387 671 1449 animi,
684 1402 715 1437 ex
730 1389 836 1438 locoru·

96 1465 158 1517 sesso
172 1478 244 1527 agere
255 1465 330 1528 porro
339 1473 476 1513 armentum
486 1461 591 1527 occepit.
620 1461 680 1510 Inde
691 1479 767 1528 quum
778 1465 838 1518 asta

96 1543 174 1592 boves
186 1539 296 1605 quaedam
306 1537 336 1587 ad
347 1537 498 1601 desiderium,
511 1550 539 1586 ut
551 1537 586 1602 fit,
597 1539 733 1589 relislarum
744 1544 836 1606 mugis.

94 1618 156 1682 sent,
173 1615 268 1667 reddita
283 1615 428 1665 inclusarum
441 1629 473 1664 ex
488 1615 601 1679 spelunca
616 1615 693 1666 boum
704 1612 762 1668 vox¹
773 1624 838 1670 Her·

94 1696 176 1746 eulem
187 1694 321 1744 convertit.
345 1709 418 1758 quern
430 1708 507 1758 quum
516 1691 646 1741 vadentem
657 1693 687 1742 ad
697 1693 838 1760 speluncam
899 1746 902 1754 ,

93 1778 173 1824 Cacus
184 1773 211 1821 vi
219 1771 349 1838 prohibere
360 1780 461 1819 conatus
471 1768 543 1830 esset3
554 1767 615 1819 issue
623 1770 700 1834 clava,
710 1771 784 1822 fidem
792 1791 837 1843 pa·

90 1852 182 1902 storum
194 1849 491 1913 nequicquaminvocans,
502 1858 582 1897 morte
591 1848 717 1899 occubuit.
752 1853 838 1910 Evan-
849 1875 919 1899 -x

93 1926 136 1976 ‹ler
145 1936 201 1975 tum
213 1939 250 1985 ea,
262 1922 379 1988 profugus
392 1938 424 1971 ex
436 1920 612 1987 Peloponneso,
629 1923 772 1973 aristotitate
783 1942 837 1977 ma.

96 2004 130 2068 gis
141 2007 218 2068 quam
229 1999 343 2063 imperio,
350 1998 448 2058 regebat
461 1998 532 2044 loca:
551 1999 696 2046 venerabilis
709 2000 749 2048 vir
762 2003 837 2052 mira·

95 2078 150 2128 culo
164 2078 301 2135 literarum,
318 2073 353 2121 rei
370 2087 442 2120 novae
453 2072 516 2120 inter
529 2071 599 2120 rudes
610 2073 699 2121 artium
710 2075 838 2138 hominm

93 2151 259 2201 venerabilior
267 2148 397 2197 divinitate
410 2146 500 2203 creditit
512 2151 647 2196 Carmente
658 2149 749 2211 nutris,
761 2167 840 2216 quam

95 2228 249 2293 fatiloquam,
264 2236 320 2275 ante
332 2224 429 2289 sibyuae
439 2225 465 2272 in
478 2223 573 2273 Italiam
584 2223 726 2289 adventum,
743 2229 838 2285 miratae

96 2306 134 2357 lrae
143 2315 224 2368 gentes
234 2304 338 2352 lucrant.
356 2303 379 2350 Is
388 2313 441 2349 tum
448 2301 567 2363 Evander,
575 2301 693 2351 concursu
704 2304 837 2372 passorum,

96 2380 269 2445 trepidantium
281 2380 345 2428 circa
353 2379 473 2427 advenam
481 2378 610 2428 manifesta
621 2395 689 2435 reum
700 2381 778 2444 caedis,
789 2398 836 2433 ex.

35 2466 39 2477 “
94 2456 166 2517 citur,
189 2455 314 2520 poslquam
328 2453 422 2503 lacinus
437 2453 600 2519 facinorisque
616 2455 713 2506 causam
730 2459 837 2526 audivit,

94 2530 209 2595 habiturn
219 2529 372 2593 formamque
384 2530 431 2580 viri
442 2530 594 2595 aliquantum
605 2532 747 2598 ampliorem
757 2550 836 2598 augu-
857 2587 861 2597 ,

95 2607 241 2670 slioremque
252 2607 358 2655 humana
369 2607 471 2669 intuens,
482 2608 581 2671 rogitat,
592 2610 635 2672 qui
647 2608 686 2656 vir
697 2608 763 2658 esset.
786 2611 840 2660 Ubi

96 2695 188 2730 nomen
200 2690 339 2745 patremque
351 2698 378 2730 ac
393 2684 496 2748 patriam
507 2684 601 2749 accepit
611 2703 617 2742 ;
635 2686 696 2748 Jove
706 2695 763 2747 nate,
776 2687 837 2735 Her-

96 2755 236 2818 cules,sasve,
248 2756 339 2819 inquit3
354 2769 375 2807 te
386 2759 439 2807 mili
449 2769 526 2822 mater,
533 2761 629 2808 veridica
640 2761 744 2825 interpres
751 2762 836 2826 Derim,

95 2828 208 2879 ausurum
217 2829 326 2890 celestium
336 2849 444 2880 numerum
455 2834 544 2882 cecinit:
562 2833 639 2899 tibique
651 2850 712 2880 aram
726 2834 762 2882 susc
775 2837 838 2886 dica·

95 2912 143 2959 sum
152 2904 189 2970 r'rr',
198 2919 260 2974 quam
271 2905 421 2975 opulcntiffima
431 2907 480 2956 olim
492 2909 585 2957 interris
592 2923 645 2976 gens
652 2909 783 2962 Mannum
793 2931 840 2964 vo-

458 2987 484 3034 Α
498 2987 518 3034 ⁶
793 3000 842 3059 cer,
