<?xml version="1.0" encoding="UTF-8"?>
<!DOCTYPE html PUBLIC "-//W3C//DTD XHTML 1.0 Transitional//EN"
    "http://www.w3.org/TR/xhtml1/DTD/xhtml1-transitional.dtd">
<html xmlns="http://www.w3.org/1999/xhtml" xml:lang="en" lang="en">
 <head>
  <title>
</title>
<meta http-equiv="Content-Type" content="text/html;charset=utf-8" />
  <meta name='ocr-system' content='tesseract 3.04.00' />
  <meta name='ocr-capabilities' content='ocr_page ocr_carea ocr_par ocr_line ocrx_word'/>
</head>
<body>
  <div class='ocr_page' id='page_1' title='image "./titiliviipatavi00livygoog_0455.png"; bbox 0 0 1964 3660; ppageno 0'>
   <div class='ocr_carea' id='block_1_1' title="bbox 160 165 965 2725">
    <p class='ocr_par' dir='ltr' id='par_1_1' title="bbox 163 165 674 233">
     <span class='ocr_line' id='line_1_1' title="bbox 163 165 674 233; baseline -0.004 -16"><span class='ocrx_word' id='word_1_1' title='bbox 163 183 216 233; x_wconf 72' lang='lat'>4⁴⁴</span> <span class='ocrx_word' id='word_1_2' title='bbox 409 166 460 218; x_wconf 69' lang='grc' dir='ltr'>Ἴ.</span> <span class='ocrx_word' id='word_1_3' title='bbox 492 165 545 218; x_wconf 59' lang='lat'>111</span> <span class='ocrx_word' id='word_1_4' title='bbox 560 166 674 220; x_wconf 60' lang='lat' dir='ltr'>VfI&#39;If</span> 
     </span>
    </p>

    <p class='ocr_par' dir='ltr' id='par_1_2' title="bbox 160 251 965 2163">
     <span class='ocr_line' id='line_1_2' title="bbox 164 251 922 322; baseline 0.001 -19"><span class='ocrx_word' id='word_1_5' title='bbox 164 255 203 319; x_wconf 72' lang='lat' dir='ltr'>in,</span> <span class='ocrx_word' id='word_1_6' title='bbox 221 251 348 322; x_wconf 76' lang='lat' dir='ltr'>postquem</span> <span class='ocrx_word' id='word_1_7' title='bbox 367 253 450 304; x_wconf 82' lang='lat' dir='ltr'>Patres</span> <span class='ocrx_word' id='word_1_8' title='bbox 460 264 490 303; x_wconf 89' lang='lat' dir='ltr'>ut</span> <span class='ocrx_word' id='word_1_9' title='bbox 503 254 584 309; x_wconf 83' lang='lat' dir='ltr'>seram</span> <span class='ocrx_word' id='word_1_10' title='bbox 596 252 803 320; x_wconf 70' lang='lat' dir='ltr'>eam-ultimique</span> <span class='ocrx_word' id='word_1_11' title='bbox 816 257 922 319; x_wconf 63' lang='lat' dir='ltr'>tendam</span> 
     </span>
     <span class='ocr_line' id='line_1_3' title="bbox 167 332 922 405; baseline 0.007 -23"><span class='ocrx_word' id='word_1_12' title='bbox 167 332 306 383; x_wconf 81' lang='lat' dir='ltr'>necessitate</span> <span class='ocrx_word' id='word_1_13' title='bbox 324 333 459 405; x_wconf 70' lang='lat' dir='ltr'>expressam</span> <span class='ocrx_word' id='word_1_14' title='bbox 477 332 725 399; x_wconf 79' lang='lat' dir='ltr'>aspemabantur,·ad</span> <span class='ocrx_word' id='word_1_15' title='bbox 744 335 857 384; x_wconf 80' lang='lat' dir='ltr'>Latinos·</span> <span class='ocrx_word' id='word_1_16' title='bbox 865 336 922 399; x_wconf 82' lang='lat' dir='ltr'>jam</span> 
     </span>
     <span class='ocr_line' id='line_1_4' title="bbox 167 407 924 477; baseline 0.007 -19"><span class='ocrx_word' id='word_1_17' title='bbox 167 407 212 458; x_wconf 73' lang='lat' dir='ltr'>sus</span> <span class='ocrx_word' id='word_1_18' title='bbox 223 408 310 476; x_wconf 89' lang='lat' dir='ltr'>sponte</span> <span class='ocrx_word' id='word_1_19' title='bbox 321 411 347 459; x_wconf 92' lang='lat' dir='ltr'>in</span> <span class='ocrx_word' id='word_1_20' title='bbox 357 425 426 461; x_wconf 86' lang='lat' dir='ltr'>arma</span> <span class='ocrx_word' id='word_1_21' title='bbox 435 420 519 461; x_wconf 88' lang='lat' dir='ltr'>motos</span> <span class='ocrx_word' id='word_1_22' title='bbox 535 409 599 461; x_wconf 76' lang='lat' dir='ltr'>saiia</span> <span class='ocrx_word' id='word_1_23' title='bbox 614 410 656 459; x_wconf 84' lang='lat' dir='ltr'>esi.</span> <span class='ocrx_word' id='word_1_24' title='bbox 674 424 705 459; x_wconf 90' lang='lat' dir='ltr'>ne</span> <span class='ocrx_word' id='word_1_25' title='bbox 724 412 849 477; x_wconf 81' lang='lat' dir='ltr'>Campani</span> <span class='ocrx_word' id='word_1_26' title='bbox 864 413 924 477; x_wconf 80' lang='lat' dir='ltr'>qui·</span> 
     </span>
     <span class='ocr_line' id='line_1_5' title="bbox 166 486 921 553; baseline 0.005 -18"><span class='ocrx_word' id='word_1_27' title='bbox 166 486 225 541; x_wconf 78' lang='lat' dir='ltr'>,dem</span> <span class='ocrx_word' id='word_1_28' title='bbox 242 487 313 548; x_wconf 86' lang='lat' dir='ltr'>(adeo</span> <span class='ocrx_word' id='word_1_29' title='bbox 324 487 420 550; x_wconf 81' lang='lat' dir='ltr'>injtuiae</span> <span class='ocrx_word' id='word_1_30' title='bbox 439 490 593 551; x_wconf 83' lang='lat' dir='ltr'>Samnitium,</span> <span class='ocrx_word' id='word_1_31' title='bbox 611 494 684 553; x_wconf 77' lang='lat' dir='ltr'>quam</span> <span class='ocrx_word' id='word_1_32' title='bbox 696 489 812 538; x_wconf 81' lang='lat' dir='ltr'>beneficii</span> <span class='ocrx_word' id='word_1_33' title='bbox 823 493 921 553; x_wconf 73' lang='lat' dir='ltr'>Rome·</span> 
     </span>
     <span class='ocr_line' id='line_1_6' title="bbox 168 565 921 632; baseline 0.007 -19"><span class='ocrx_word' id='word_1_34' title='bbox 168 577 268 627; x_wconf 83' lang='lat' dir='ltr'>norum,</span> <span class='ocrx_word' id='word_1_35' title='bbox 281 567 400 616; x_wconf 88' lang='lat' dir='ltr'>memoria</span> <span class='ocrx_word' id='word_1_36' title='bbox 411 567 553 632; x_wconf 78' lang='lat' dir='ltr'>praesentior</span> <span class='ocrx_word' id='word_1_37' title='bbox 559 569 619 629; x_wconf 86' lang='lat' dir='ltr'>erat)</span> <span class='ocrx_word' id='word_1_38' title='bbox 636 567 673 615; x_wconf 85' lang='lat' dir='ltr'>his</span> <span class='ocrx_word' id='word_1_39' title='bbox 685 565 709 616; x_wconf 87' lang='lat' dir='ltr'>se</span> <span class='ocrx_word' id='word_1_40' title='bbox 725 568 799 617; x_wconf 83' lang='lat' dir='ltr'>armis</span> <span class='ocrx_word' id='word_1_41' title='bbox 810 569 921 621; x_wconf 76' lang='lat' dir='ltr'>abstinu-</span> 
     </span>
     <span class='ocr_line' id='line_1_7' title="bbox 163 642 920 709; baseline 0.005 -21"><span class='ocrx_word' id='word_1_42' title='bbox 163 654 218 688; x_wconf 77' lang='lat' dir='ltr'>ere.</span> <span class='ocrx_word' id='word_1_43' title='bbox 253 642 294 690; x_wconf 84' lang='lat' dir='ltr'>Ex</span> <span class='ocrx_word' id='word_1_44' title='bbox 312 642 351 691; x_wconf 87' lang='lat' dir='ltr'>his</span> <span class='ocrx_word' id='word_1_45' title='bbox 367 652 406 692; x_wconf 91' lang='lat' dir='ltr'>tot</span> <span class='ocrx_word' id='word_1_46' title='bbox 422 643 519 709; x_wconf 87' lang='lat' dir='ltr'>populis</span> <span class='ocrx_word' id='word_1_47' title='bbox 530 657 593 691; x_wconf 88' lang='lat' dir='ltr'>unus</span> <span class='ocrx_word' id='word_1_48' title='bbox 603 643 689 706; x_wconf 79' lang='lat' dir='ltr'>ingens</span> <span class='ocrx_word' id='word_1_49' title='bbox 705 644 840 707; x_wconf 83' lang='lat' dir='ltr'>exercitus,</span> <span class='ocrx_word' id='word_1_50' title='bbox 852 644 920 701; x_wconf 82' lang='lat' dir='ltr'>duce</span> 
     </span>
     <span class='ocr_line' id='line_1_8' title="bbox 163 718 917 788; baseline 0.003 -19"><span class='ocrx_word' id='word_1_51' title='bbox 163 720 262 769; x_wconf 84' lang='lat' dir='ltr'>Latino</span> <span class='ocrx_word' id='word_1_52' title='bbox 274 718 332 769; x_wconf 87' lang='lat' dir='ltr'>fines</span> <span class='ocrx_word' id='word_1_53' title='bbox 347 719 620 785; x_wconf 81' lang='lat' dir='ltr'>Samnitimningrellus,</span> <span class='ocrx_word' id='word_1_54' title='bbox 638 721 692 788; x_wconf 85' lang='lat' dir='ltr'>plus</span> <span class='ocrx_word' id='word_1_55' title='bbox 702 721 917 787; x_wconf 78' lang='lat' dir='ltr'>populationibus,</span> 
     </span>
     <span class='ocr_line' id='line_1_9' title="bbox 169 798 919 865; baseline 0.009 -21"><span class='ocrx_word' id='word_1_56' title='bbox 169 803 242 862; x_wconf 76' lang='lat' dir='ltr'>quam</span> <span class='ocrx_word' id='word_1_57' title='bbox 256 799 354 863; x_wconf 80' lang='lat' dir='ltr'>proeliis,</span> <span class='ocrx_word' id='word_1_58' title='bbox 367 799 474 849; x_wconf 79' lang='lat' dir='ltr'>cladium</span> <span class='ocrx_word' id='word_1_59' title='bbox 484 798 551 848; x_wconf 84' lang='lat' dir='ltr'>fecit.</span> <span class='ocrx_word' id='word_1_60' title='bbox 569 799 604 862; x_wconf 69' lang='grc' dir='ltr'>ἃ,</span> <span class='ocrx_word' id='word_1_61' title='bbox 621 813 763 864; x_wconf 78' lang='lat' dir='ltr'><strong>quanquam</strong></span> <span class='ocrx_word' id='word_1_62' title='bbox 779 799 919 865; x_wconf 78' lang='lat' dir='ltr'>superiores</span> 
     </span>
     <span class='ocr_line' id='line_1_10' title="bbox 170 875 919 942; baseline 0.001 -18"><span class='ocrx_word' id='word_1_63' title='bbox 170 876 343 925; x_wconf 83' lang='lat' dir='ltr'>certaminibus</span> <span class='ocrx_word' id='word_1_64' title='bbox 361 877 444 926; x_wconf 89' lang='lat' dir='ltr'>Latini</span> <span class='ocrx_word' id='word_1_65' title='bbox 460 887 537 938; x_wconf 81' lang='lat' dir='ltr'>erant,</span> <span class='ocrx_word' id='word_1_66' title='bbox 556 876 622 927; x_wconf 84' lang='lat' dir='ltr'>baud</span> <span class='ocrx_word' id='word_1_67' title='bbox 635 877 719 939; x_wconf 84' lang='lat' dir='ltr'>inviti,</span> <span class='ocrx_word' id='word_1_68' title='bbox 734 890 767 925; x_wconf 89' lang='lat' dir='ltr'>ne</span> <span class='ocrx_word' id='word_1_69' title='bbox 780 875 869 942; x_wconf 63' lang='lat' dir='ltr'>sepius</span> <span class='ocrx_word' id='word_1_70' title='bbox 879 875 919 935; x_wconf 77' lang='lat' dir='ltr'>cli·</span> 
     </span>
     <span class='ocr_line' id='line_1_11' title="bbox 169 952 918 1020; baseline 0.003 -17"><span class='ocrx_word' id='word_1_71' title='bbox 169 954 310 1004; x_wconf 89' lang='lat' dir='ltr'>micandum</span> <span class='ocrx_word' id='word_1_72' title='bbox 322 955 395 1018; x_wconf 86' lang='lat' dir='ltr'>soret,</span> <span class='ocrx_word' id='word_1_73' title='bbox 411 970 472 1019; x_wconf 86' lang='lat' dir='ltr'>agro</span> <span class='ocrx_word' id='word_1_74' title='bbox 488 955 592 1005; x_wconf 83' lang='lat' dir='ltr'>hostium</span> <span class='ocrx_word' id='word_1_75' title='bbox 603 953 732 1005; x_wconf 83' lang='lat' dir='ltr'>excellere.</span> <span class='ocrx_word' id='word_1_76' title='bbox 768 953 798 1004; x_wconf 91' lang='lat' dir='ltr'>Id</span> <span class='ocrx_word' id='word_1_77' title='bbox 810 952 918 1020; x_wconf 85' lang='lat' dir='ltr'>spatium</span> 
     </span>
     <span class='ocr_line' id='line_1_12' title="bbox 166 1032 918 1099; baseline 0.007 -21"><span class='ocrx_word' id='word_1_78' title='bbox 166 1032 319 1088; x_wconf 80' lang='lat' dir='ltr'>¹Samnitibus</span> <span class='ocrx_word' id='word_1_79' title='bbox 335 1032 420 1082; x_wconf 86' lang='lat' dir='ltr'>datum</span> <span class='ocrx_word' id='word_1_80' title='bbox 437 1033 470 1081; x_wconf 84' lang='lat' dir='ltr'>esi</span> <span class='ocrx_word' id='word_1_81' title='bbox 486 1036 593 1083; x_wconf 86' lang='lat' dir='ltr'>Romam</span> <span class='ocrx_word' id='word_1_82' title='bbox 612 1033 705 1096; x_wconf 82' lang='lat' dir='ltr'>legatos</span> <span class='ocrx_word' id='word_1_83' title='bbox 724 1033 850 1083; x_wconf 84' lang='lat' dir='ltr'>mittendi.</span> <span class='ocrx_word' id='word_1_84' title='bbox 871 1034 918 1099; x_wconf 86' lang='lat' dir='ltr'>qui</span> 
     </span>
     <span class='ocr_line' id='line_1_13' title="bbox 169 1108 917 1174; baseline 0.005 -19"><span class='ocrx_word' id='word_1_85' title='bbox 169 1122 247 1171; x_wconf 90' lang='lat' dir='ltr'>quum</span> <span class='ocrx_word' id='word_1_86' title='bbox 266 1109 367 1158; x_wconf 74' lang='lat' dir='ltr'>adltsent</span> <span class='ocrx_word' id='word_1_87' title='bbox 378 1109 496 1172; x_wconf 79' lang='lat' dir='ltr'>senatum,</span> <span class='ocrx_word' id='word_1_88' title='bbox 514 1109 638 1174; x_wconf 82' lang='lat' dir='ltr'>conquesli</span> <span class='ocrx_word' id='word_1_89' title='bbox 652 1108 737 1159; x_wconf 85' lang='lat' dir='ltr'>eadem</span> <span class='ocrx_word' id='word_1_90' title='bbox 749 1110 773 1159; x_wconf 89' lang='lat' dir='ltr'>se</span> <span class='ocrx_word' id='word_1_91' title='bbox 784 1108 917 1159; x_wconf 78' lang='lat' dir='ltr'>soederatos</span> 
     </span>
     <span class='ocr_line' id='line_1_14' title="bbox 168 1186 965 1252; baseline 0.001 -20"><span class='ocrx_word' id='word_1_92' title='bbox 168 1186 229 1250; x_wconf 87' lang='lat' dir='ltr'>pati,</span> <span class='ocrx_word' id='word_1_93' title='bbox 247 1202 300 1250; x_wconf 86' lang='lat' dir='ltr'>quae</span> <span class='ocrx_word' id='word_1_94' title='bbox 317 1188 395 1237; x_wconf 86' lang='lat' dir='ltr'>hosies</span> <span class='ocrx_word' id='word_1_95' title='bbox 412 1186 485 1235; x_wconf 84' lang='lat' dir='ltr'>essent</span> <span class='ocrx_word' id='word_1_96' title='bbox 497 1186 563 1251; x_wconf 88' lang='lat' dir='ltr'>palli,</span> <span class='ocrx_word' id='word_1_97' title='bbox 580 1186 692 1252; x_wconf 84' lang='lat' dir='ltr'>precibus</span> <span class='ocrx_word' id='word_1_98' title='bbox 708 1186 800 1235; x_wconf 86' lang='lat' dir='ltr'>infimis</span> <span class='ocrx_word' id='word_1_99' title='bbox 811 1186 916 1251; x_wconf 83' lang='lat' dir='ltr'>petiere,</span> <span class='ocrx_word' id='word_1_100' title='bbox 961 1229 965 1233; x_wconf 88' lang='lat'>.</span> 
     </span>
     <span class='ocr_line' id='line_1_15' title="bbox 168 1261 916 1329; baseline 0.003 -20"><span class='ocrx_word' id='word_1_101' title='bbox 168 1271 192 1310; x_wconf 86' lang='lat' dir='ltr'>ut</span> <span class='ocrx_word' id='word_1_102' title='bbox 197 1264 255 1326; x_wconf 88' lang='lat' dir='ltr'>satis</span> <span class='ocrx_word' id='word_1_103' title='bbox 266 1264 363 1312; x_wconf 78' lang='lat' dir='ltr'>ducerent</span> <span class='ocrx_word' id='word_1_104' title='bbox 371 1265 467 1313; x_wconf 80' lang='lat' dir='ltr'>Romani.</span> <span class='ocrx_word' id='word_1_105' title='bbox 474 1261 598 1325; x_wconf 65' lang='lat' dir='ltr'>vinariam,</span> <span class='ocrx_word' id='word_1_106' title='bbox 605 1279 669 1329; x_wconf 79' lang='lat' dir='ltr'>quant,</span> <span class='ocrx_word' id='word_1_107' title='bbox 677 1261 805 1316; x_wconf 74' lang='lat' dir='ltr'>Samnitibus</span> <span class='ocrx_word' id='word_1_108' title='bbox 813 1277 840 1312; x_wconf 79' lang='lat' dir='ltr'>ex</span> <span class='ocrx_word' id='word_1_109' title='bbox 849 1264 916 1311; x_wconf 82' lang='lat' dir='ltr'>Cam·</span> 
     </span>
     <span class='ocr_line' id='line_1_16' title="bbox 166 1338 915 1407; baseline 0.004 -23"><span class='ocrx_word' id='word_1_110' title='bbox 166 1348 223 1401; x_wconf 77' lang='lat' dir='ltr'>pann</span> <span class='ocrx_word' id='word_1_111' title='bbox 236 1339 366 1404; x_wconf 81' lang='lat' dir='ltr'>Sidicinoque</span> <span class='ocrx_word' id='word_1_112' title='bbox 376 1340 431 1404; x_wconf 73' lang='lat' dir='ltr'>besse</span> <span class='ocrx_word' id='word_1_113' title='bbox 442 1340 580 1407; x_wconf 62' lang='lat' dir='ltr'>enpufflnt:</span> <span class='ocrx_word' id='word_1_114' title='bbox 597 1356 624 1389; x_wconf 83' lang='lat' dir='ltr'>ne</span> <span class='ocrx_word' id='word_1_115' title='bbox 635 1341 695 1390; x_wconf 83' lang='lat' dir='ltr'>vinci</span> <span class='ocrx_word' id='word_1_116' title='bbox 705 1340 803 1406; x_wconf 79' lang='lat' dir='ltr'>etiamst</span> <span class='ocrx_word' id='word_1_117' title='bbox 815 1338 842 1388; x_wconf 82' lang='lat' dir='ltr'>ab</span> <span class='ocrx_word' id='word_1_118' title='bbox 853 1341 915 1407; x_wconf 81' lang='lat' dir='ltr'>igna-</span> 
     </span>
     <span class='ocr_line' id='line_1_17' title="bbox 168 1415 915 1485; baseline 0.003 -23"><span class='ocrx_word' id='word_1_119' title='bbox 168 1416 260 1480; x_wconf 83' lang='lat' dir='ltr'>vifflmis</span> <span class='ocrx_word' id='word_1_120' title='bbox 269 1419 352 1480; x_wconf 83' lang='lat' dir='ltr'>populis</span> <span class='ocrx_word' id='word_1_121' title='bbox 370 1427 459 1468; x_wconf 78' lang='lat' dir='ltr'>nerent.</span> <span class='ocrx_word' id='word_1_122' title='bbox 494 1419 582 1470; x_wconf 78' lang='lat' dir='ltr'>Latinos</span> <span class='ocrx_word' id='word_1_123' title='bbox 595 1418 757 1485; x_wconf 73' lang='lat' dir='ltr'>Campanosque,</span> <span class='ocrx_word' id='word_1_124' title='bbox 767 1416 790 1481; x_wconf 77' lang='lat' dir='ltr'><em>fi</em></span> <span class='ocrx_word' id='word_1_125' title='bbox 799 1415 915 1482; x_wconf 71' lang='lat' dir='ltr'>subditio-</span> 
     </span>
     <span class='ocr_line' id='line_1_18' title="bbox 167 1493 914 1561; baseline 0.003 -20"><span class='ocrx_word' id='word_1_126' title='bbox 167 1508 193 1541; x_wconf 77' lang='grc' dir='ltr'>ιιι</span> <span class='ocrx_word' id='word_1_127' title='bbox 201 1493 276 1558; x_wconf 81' lang='lat' dir='ltr'>populi</span> <span class='ocrx_word' id='word_1_128' title='bbox 287 1497 378 1545; x_wconf 75' lang='lat' dir='ltr'>Romanii</span> <span class='ocrx_word' id='word_1_129' title='bbox 388 1495 458 1560; x_wconf 80' lang='lat' dir='ltr'>effent,</span> <span class='ocrx_word' id='word_1_130' title='bbox 470 1508 510 1561; x_wconf 82' lang='lat' dir='ltr'>pnn</span> <span class='ocrx_word' id='word_1_131' title='bbox 527 1497 619 1560; x_wconf 80' lang='lat' dir='ltr'>imperio</span> <span class='ocrx_word' id='word_1_132' title='bbox 628 1505 724 1546; x_wconf 73' lang='lat' dir='ltr'>meunt</span> <span class='ocrx_word' id='word_1_133' title='bbox 741 1494 914 1561; x_wconf 69' lang='lat' dir='ltr'>Sannitiagm,</span> 
     </span>
     <span class='ocr_line' id='line_1_19' title="bbox 160 1570 914 1637; baseline 0.008 -19"><span class='ocrx_word' id='word_1_134' title='bbox 160 1570 197 1637; x_wconf 77' lang='lat' dir='ltr'>fin</span> <span class='ocrx_word' id='word_1_135' title='bbox 208 1572 322 1636; x_wconf 82' lang='lat' dir='ltr'>imperinm</span> <span class='ocrx_word' id='word_1_136' title='bbox 339 1573 458 1637; x_wconf 77' lang='lat' dir='ltr'>abnuerent,</span> <span class='ocrx_word' id='word_1_137' title='bbox 474 1575 542 1623; x_wconf 81' lang='lat' dir='ltr'>arntit</span> <span class='ocrx_word' id='word_1_138' title='bbox 559 1579 686 1625; x_wconf 82' lang='lat' dir='ltr'>to&#39;e&#39;rcerent.</span> <span class='ocrx_word' id='word_1_139' title='bbox 720 1572 844 1626; x_wconf 78' lang='lat' dir='ltr'>Adversus</span> <span class='ocrx_word' id='word_1_140' title='bbox 860 1574 914 1624; x_wconf 78' lang='lat' dir='ltr'>haec</span> 
     </span>
     <span class='ocr_line' id='line_1_20' title="bbox 161 1642 913 1717; baseline 0 -20"><span class='ocrx_word' id='word_1_141' title='bbox 161 1647 309 1714; x_wconf 69' lang='lat' dir='ltr'>,responsum</span> <span class='ocrx_word' id='word_1_142' title='bbox 320 1666 408 1717; x_wconf 84' lang='lat' dir='ltr'>anceps</span> <span class='ocrx_word' id='word_1_143' title='bbox 419 1651 512 1714; x_wconf 88' lang='lat' dir='ltr'>datum,</span> <span class='ocrx_word' id='word_1_144' title='bbox 528 1642 586 1716; x_wconf 80' lang='lat' dir='ltr'>quia</span> <span class='ocrx_word' id='word_1_145' title='bbox 598 1650 669 1705; x_wconf 84' lang='lat' dir='ltr'>sateri</span> <span class='ocrx_word' id='word_1_146' title='bbox 681 1650 786 1716; x_wconf 80' lang='lat' dir='ltr'>pigebat,</span> <span class='ocrx_word' id='word_1_147' title='bbox 803 1651 913 1714; x_wconf 76' lang='lat' dir='ltr'>inpote-</span> 
     </span>
     <span class='ocr_line' id='line_1_21' title="bbox 167 1724 913 1793; baseline 0.001 -19"><span class='ocrx_word' id='word_1_148' title='bbox 167 1724 226 1774; x_wconf 84' lang='lat' dir='ltr'>siate</span> <span class='ocrx_word' id='word_1_149' title='bbox 243 1724 285 1774; x_wconf 90' lang='lat' dir='ltr'>sua</span> <span class='ocrx_word' id='word_1_150' title='bbox 304 1729 406 1778; x_wconf 81' lang='lat' dir='ltr'>Latinos</span> <span class='ocrx_word' id='word_1_151' title='bbox 422 1727 473 1791; x_wconf 84' lang='lat' dir='ltr'>jam</span> <span class='ocrx_word' id='word_1_152' title='bbox 490 1743 541 1775; x_wconf 90' lang='lat' dir='ltr'>non</span> <span class='ocrx_word' id='word_1_153' title='bbox 553 1726 607 1789; x_wconf 83' lang='lat' dir='ltr'>esse,</span> <span class='ocrx_word' id='word_1_154' title='bbox 626 1727 802 1793; x_wconf 81' lang='lat' dir='ltr'>timebantque,</span> <span class='ocrx_word' id='word_1_155' title='bbox 818 1739 850 1775; x_wconf 85' lang='lat' dir='ltr'>ne</span> <span class='ocrx_word' id='word_1_156' title='bbox 872 1738 913 1792; x_wconf 70' lang='lat' dir='ltr'>at-</span> 
     </span>
     <span class='ocr_line' id='line_1_22' title="bbox 165 1801 913 1868; baseline -0.001 -17"><span class='ocrx_word' id='word_1_157' title='bbox 165 1801 266 1865; x_wconf 73' lang='lat' dir='ltr'>guento</span> <span class='ocrx_word' id='word_1_158' title='bbox 278 1803 459 1855; x_wconf 82' lang='lat' dir='ltr'>abalienarent:</span> <span class='ocrx_word' id='word_1_159' title='bbox 479 1806 634 1868; x_wconf 80' lang='lat' dir='ltr'>Campanorum</span> <span class='ocrx_word' id='word_1_160' title='bbox 645 1803 711 1851; x_wconf 84' lang='lat' dir='ltr'>aliam</span> <span class='ocrx_word' id='word_1_161' title='bbox 727 1802 863 1853; x_wconf 80' lang='lat' dir='ltr'>conditionem</span> <span class='ocrx_word' id='word_1_162' title='bbox 879 1801 913 1866; x_wconf 88' lang='lat' dir='ltr'>es·</span> 
     </span>
     <span class='ocr_line' id='line_1_23' title="bbox 160 1874 914 1947; baseline 0.004 -21"><span class='ocrx_word' id='word_1_163' title='bbox 160 1881 195 1944; x_wconf 84' lang='lat' dir='ltr'>se,</span> <span class='ocrx_word' id='word_1_164' title='bbox 212 1880 248 1945; x_wconf 83' lang='lat' dir='ltr'>qni</span> <span class='ocrx_word' id='word_1_165' title='bbox 265 1896 305 1928; x_wconf 77' lang='lat' dir='ltr'>non</span> <span class='ocrx_word' id='word_1_166' title='bbox 316 1882 408 1945; x_wconf 73' lang='lat' dir='ltr'>federe,</span> <span class='ocrx_word' id='word_1_167' title='bbox 418 1881 460 1947; x_wconf 81' lang='lat' dir='ltr'>sed</span> <span class='ocrx_word' id='word_1_168' title='bbox 474 1891 516 1944; x_wconf 84' lang='lat' dir='ltr'>per</span> <span class='ocrx_word' id='word_1_169' title='bbox 530 1880 662 1942; x_wconf 82' lang='lat' dir='ltr'>deditionem,</span> <span class='ocrx_word' id='word_1_170' title='bbox 679 1879 702 1928; x_wconf 88' lang='lat' dir='ltr'>in</span> <span class='ocrx_word' id='word_1_171' title='bbox 710 1878 779 1941; x_wconf 80' lang='lat' dir='ltr'>fidem</span> <span class='ocrx_word' id='word_1_172' title='bbox 790 1874 914 1941; x_wconf 71' lang='lat' dir='ltr'>ventffent:</span> 
     </span>
     <span class='ocr_line' id='line_1_24' title="bbox 166 1950 964 2026; baseline -0.001 -21"><span class='ocrx_word' id='word_1_173' title='bbox 166 1960 212 2024; x_wconf 84' lang='lat' dir='ltr'>itaq</span> <span class='ocrx_word' id='word_1_174' title='bbox 213 1974 239 2005; x_wconf 87' lang='lat' dir='ltr'>ue</span> <span class='ocrx_word' id='word_1_175' title='bbox 252 1961 377 2024; x_wconf 82' lang='lat' dir='ltr'>Campanos,</span> <span class='ocrx_word' id='word_1_176' title='bbox 389 1963 428 2026; x_wconf 79' lang='lat' dir='ltr'>sen</span> <span class='ocrx_word' id='word_1_177' title='bbox 444 1959 519 2019; x_wconf 81' lang='lat' dir='ltr'>velint,</span> <span class='ocrx_word' id='word_1_178' title='bbox 530 1959 570 2021; x_wconf 83' lang='lat' dir='ltr'>seu</span> <span class='ocrx_word' id='word_1_179' title='bbox 580 1956 653 2019; x_wconf 79' lang='lat' dir='ltr'>nolint,</span> <span class='ocrx_word' id='word_1_180' title='bbox 670 1957 782 2022; x_wconf 83' lang='lat' dir='ltr'>quieturos.</span> <span class='ocrx_word' id='word_1_181' title='bbox 800 1955 914 2019; x_wconf 78' lang='lat' dir='ltr'>infindere</span> <span class='ocrx_word' id='word_1_182' title='bbox 958 1950 964 1962; x_wconf 90' lang='lat'><em>&#39;</em></span> 
     </span>
     <span class='ocr_line' id='line_1_25' title="bbox 167 2032 912 2106; baseline -0.003 -22"><span class='ocrx_word' id='word_1_183' title='bbox 167 2036 365 2106; x_wconf 76' lang='lat' dir='ltr'>Latinnnihn&#39;leffe,</span> <span class='ocrx_word' id='word_1_184' title='bbox 381 2053 419 2105; x_wconf 83' lang='lat' dir='ltr'>quo</span> <span class='ocrx_word' id='word_1_185' title='bbox 437 2035 521 2099; x_wconf 73' lang='lat' dir='ltr'>bellare,</span> <span class='ocrx_word' id='word_1_186' title='bbox 539 2049 631 2104; x_wconf 80' lang='lat' dir='ltr'>cnmqnt</span> <span class='ocrx_word' id='word_1_187' title='bbox 609 2033 669 2086; x_wconf 78' lang='lat' dir='ltr'>&#39;bus</span> <span class='ocrx_word' id='word_1_188' title='bbox 685 2032 726 2103; x_wconf 74' lang='lat' dir='ltr'>ipſs</span> <span class='ocrx_word' id='word_1_189' title='bbox 717 2032 819 2097; x_wconf 83' lang='lat' dir='ltr'>tvtlt&#39;nt,</span> <span class='ocrx_word' id='word_1_190' title='bbox 833 2032 912 2106; x_wconf 73' lang='lat' dir='ltr'>probi</span> 
     </span>
     <span class='ocr_line' id='line_1_26' title="bbox 163 2113 263 2171; baseline 0.011 -9.045"><span class='ocrx_word' id='word_1_191' title='bbox 163 2113 263 2171; x_wconf 76' lang='lat' dir='ltr'>beantur.</span> 
     </span>
    </p>

    <p class='ocr_par' dir='ltr' id='par_1_3' title="bbox 161 2156 913 2725">
     <span class='ocr_line' id='line_1_27' title="bbox 201 2156 912 2258; baseline 0.001 -17"><span class='ocrx_word' id='word_1_192' title='bbox 201 2196 249 2241; x_wconf 91' lang='lat' dir='ltr'>Ill.</span> <span class='ocrx_word' id='word_1_193' title='bbox 269 2192 344 2255; x_wconf 83' lang='lat' dir='ltr'>Quod</span> <span class='ocrx_word' id='word_1_194' title='bbox 363 2156 533 2258; x_wconf 86' lang='lat' dir='ltr'>responsum</span> <span class='ocrx_word' id='word_1_195' title='bbox 518 2189 578 2243; x_wconf 83' lang='lat' dir='ltr'>fient</span> <span class='ocrx_word' id='word_1_196' title='bbox 595 2190 683 2257; x_wconf 82' lang='lat' dir='ltr'>dubios</span> <span class='ocrx_word' id='word_1_197' title='bbox 694 2164 819 2252; x_wconf 78' lang='lat' dir='ltr'>Samnites,</span> <span class='ocrx_word' id='word_1_198' title='bbox 836 2187 912 2255; x_wconf 75' lang='lat' dir='ltr'>quid·</span> 
     </span>
     <span class='ocr_line' id='line_1_28' title="bbox 161 2252 913 2333; baseline -0.005 -14"><span class='ocrx_word' id='word_1_199' title='bbox 161 2270 352 2319; x_wconf 78' lang='lat' dir='ltr'>namfaslurum</span> <span class='ocrx_word' id='word_1_200' title='bbox 364 2273 504 2333; x_wconf 85' lang='lat' dir='ltr'>Romanum</span> <span class='ocrx_word' id='word_1_201' title='bbox 516 2269 648 2332; x_wconf 83' lang='lat' dir='ltr'>censerent,</span> <span class='ocrx_word' id='word_1_202' title='bbox 664 2252 761 2329; x_wconf 75' lang='lat' dir='ltr'>dimisit,</span> <span class='ocrx_word' id='word_1_203' title='bbox 787 2268 821 2317; x_wconf 83' lang='lat' dir='ltr'>ita</span> <span class='ocrx_word' id='word_1_204' title='bbox 835 2270 913 2333; x_wconf 57' lang='lat' dir='ltr'>Camy</span> 
     </span>
     <span class='ocr_line' id='line_1_29' title="bbox 161 2344 911 2414; baseline 0 -21"><span class='ocrx_word' id='word_1_205' title='bbox 161 2362 242 2414; x_wconf 79' lang='lat' dir='ltr'>panos</span> <span class='ocrx_word' id='word_1_206' title='bbox 253 2357 320 2394; x_wconf 85' lang='lat' dir='ltr'>metu</span> <span class='ocrx_word' id='word_1_207' title='bbox 331 2347 495 2406; x_wconf 73' lang='lat' dir='ltr'>abalienavit,</span> <span class='ocrx_word' id='word_1_208' title='bbox 512 2346 625 2410; x_wconf 89' lang='lat' dir='ltr'>Latinos,</span> <span class='ocrx_word' id='word_1_209' title='bbox 644 2347 713 2395; x_wconf 88' lang='lat' dir='ltr'>velut</span> <span class='ocrx_word' id='word_1_210' title='bbox 725 2344 803 2395; x_wconf 84' lang='lat' dir='ltr'>nihil</span> <span class='ocrx_word' id='word_1_211' title='bbox 792 2359 844 2406; x_wconf 76' lang='lat' dir='ltr'>Jatn</span> <span class='ocrx_word' id='word_1_212' title='bbox 854 2358 911 2393; x_wconf 83' lang='grc' dir='ltr'>ιιοιι</span> 
     </span>
     <span class='ocr_line' id='line_1_30' title="bbox 164 2423 913 2492; baseline -0.011 -17"><span class='ocrx_word' id='word_1_213' title='bbox 164 2424 353 2476; x_wconf 86' lang='lat' dir='ltr'>concedentibus</span> <span class='ocrx_word' id='word_1_214' title='bbox 373 2425 499 2485; x_wconf 85' lang='lat' dir='ltr'>Romanis,</span> <span class='ocrx_word' id='word_1_215' title='bbox 516 2423 649 2473; x_wconf 88' lang='lat' dir='ltr'>ferociores</span> <span class='ocrx_word' id='word_1_216' title='bbox 664 2423 733 2478; x_wconf 87' lang='lat' dir='ltr'>secit.</span> <span class='ocrx_word' id='word_1_217' title='bbox 751 2425 846 2486; x_wconf 84' lang='lat' dir='ltr'>Itaque,</span> <span class='ocrx_word' id='word_1_218' title='bbox 864 2436 913 2492; x_wconf 72' lang='lat' dir='ltr'>per</span> 
     </span>
     <span class='ocr_line' id='line_1_31' title="bbox 162 2499 912 2572; baseline -0.008 -20"><span class='ocrx_word' id='word_1_219' title='bbox 162 2506 269 2572; x_wconf 76' lang='lat' dir='ltr'>speciem</span> <span class='ocrx_word' id='word_1_220' title='bbox 280 2499 394 2551; x_wconf 87' lang='lat' dir='ltr'>adversus</span> <span class='ocrx_word' id='word_1_221' title='bbox 406 2503 523 2554; x_wconf 86' lang='lat' dir='ltr'>Samnites</span> <span class='ocrx_word' id='word_1_222' title='bbox 540 2501 597 2552; x_wconf 87' lang='lat' dir='ltr'>belli</span> <span class='ocrx_word' id='word_1_223' title='bbox 614 2501 716 2567; x_wconf 79' lang='lat' dir='ltr'>parendi</span> <span class='ocrx_word' id='word_1_224' title='bbox 728 2499 912 2557; x_wconf 66' lang='lat' dir='ltr'>crebraconc17</span> 
     </span>
     <span class='ocr_line' id='line_1_32' title="bbox 162 2574 911 2642; baseline -0.012 -11"><span class='ocrx_word' id='word_1_225' title='bbox 162 2584 196 2632; x_wconf 84' lang='lat' dir='ltr'>lia</span> <span class='ocrx_word' id='word_1_226' title='bbox 208 2580 348 2640; x_wconf 87' lang='lat' dir='ltr'>indicentes,</span> <span class='ocrx_word' id='word_1_227' title='bbox 366 2577 480 2633; x_wconf 86' lang='lat' dir='ltr'>omnibus</span> <span class='ocrx_word' id='word_1_228' title='bbox 495 2576 733 2630; x_wconf 86' lang='lat' dir='ltr'>consultationibus</span> <span class='ocrx_word' id='word_1_229' title='bbox 726 2586 790 2632; x_wconf 77' lang='lat' dir='ltr'>inter</span> <span class='ocrx_word' id='word_1_230' title='bbox 804 2574 829 2623; x_wconf 88' lang='lat' dir='ltr'>se</span> <span class='ocrx_word' id='word_1_231' title='bbox 840 2576 911 2642; x_wconf 85' lang='lat' dir='ltr'>prin-</span> 
     </span>
     <span class='ocr_line' id='line_1_33' title="bbox 164 2653 912 2725; baseline -0.007 -17"><span class='ocrx_word' id='word_1_232' title='bbox 164 2663 230 2725; x_wconf 85' lang='lat' dir='ltr'>cipes</span> <span class='ocrx_word' id='word_1_233' title='bbox 242 2658 337 2708; x_wconf 78' lang='lat' dir='ltr'>occulte</span> <span class='ocrx_word' id='word_1_234' title='bbox 348 2660 488 2709; x_wconf 83' lang='lat' dir='ltr'>Romanum</span> <span class='ocrx_word' id='word_1_235' title='bbox 500 2655 639 2720; x_wconf 82' lang='lat' dir='ltr'>coquebant</span> <span class='ocrx_word' id='word_1_236' title='bbox 651 2654 750 2704; x_wconf 86' lang='lat' dir='ltr'>bellum.</span> <span class='ocrx_word' id='word_1_237' title='bbox 775 2653 833 2709; x_wconf 83' lang='lat' dir='ltr'>huic</span> <span class='ocrx_word' id='word_1_238' title='bbox 846 2668 912 2719; x_wconf 87' lang='lat' dir='ltr'>quo.-</span> 
     </span>
    </p>
   </div>
   <div class='ocr_carea' id='block_1_2' title="bbox 163 2722 971 3108">
    <p class='ocr_par' dir='ltr' id='par_1_4' title="bbox 163 2722 913 3037">
     <span class='ocr_line' id='line_1_34' title="bbox 164 2722 912 2804; baseline -0.009 -19"><span class='ocrx_word' id='word_1_239' title='bbox 164 2753 212 2802; x_wconf 88' lang='lat' dir='ltr'>que</span> <span class='ocrx_word' id='word_1_240' title='bbox 224 2736 339 2785; x_wconf 86' lang='lat' dir='ltr'>adversus</span> <span class='ocrx_word' id='word_1_241' title='bbox 358 2734 494 2787; x_wconf 79' lang='lat' dir='ltr'>servatores</span> <span class='ocrx_word' id='word_1_242' title='bbox 510 2733 565 2789; x_wconf 82' lang='lat' dir='ltr'>suos</span> <span class='ocrx_word' id='word_1_243' title='bbox 582 2732 647 2781; x_wconf 85' lang='lat' dir='ltr'>bello</span> <span class='ocrx_word' id='word_1_244' title='bbox 661 2722 799 2804; x_wconf 82' lang='lat' dir='ltr'>Campanus</span> <span class='ocrx_word' id='word_1_245' title='bbox 813 2729 912 2789; x_wconf 73' lang='lat' dir='ltr'>aderat,</span> 
     </span>
     <span class='ocr_line' id='line_1_35' title="bbox 163 2799 913 2884; baseline -0.007 -21"><span class='ocrx_word' id='word_1_246' title='bbox 163 2816 208 2865; x_wconf 89' lang='lat' dir='ltr'>scd</span> <span class='ocrx_word' id='word_1_247' title='bbox 227 2827 366 2878; x_wconf 85' lang='lat' dir='ltr'>quanquam</span> <span class='ocrx_word' id='word_1_248' title='bbox 385 2810 468 2866; x_wconf 84' lang='lat' dir='ltr'>omnia</span> <span class='ocrx_word' id='word_1_249' title='bbox 487 2809 517 2860; x_wconf 85' lang='lat' dir='ltr'>de</span> <span class='ocrx_word' id='word_1_250' title='bbox 536 2808 651 2865; x_wconf 80' lang='lat' dir='ltr'>industria</span> <span class='ocrx_word' id='word_1_251' title='bbox 662 2800 811 2884; x_wconf 81' lang='lat' dir='ltr'>celabantur,</span> <span class='ocrx_word' id='word_1_252' title='bbox 827 2799 913 2875; x_wconf 81' lang='lat' dir='ltr'>prius·</span> 
     </span>
     <span class='ocr_line' id='line_1_36' title="bbox 163 2886 912 2959; baseline -0.005 -20"><span class='ocrx_word' id='word_1_253' title='bbox 163 2909 218 2959; x_wconf 82' lang='lat' dir='ltr'>que,</span> <span class='ocrx_word' id='word_1_254' title='bbox 232 2898 305 2956; x_wconf 77' lang='lat' dir='ltr'>quani</span> <span class='ocrx_word' id='word_1_255' title='bbox 317 2899 477 2940; x_wconf 85' lang='lat' dir='ltr'>moverentur</span> <span class='ocrx_word' id='word_1_256' title='bbox 488 2889 602 2951; x_wconf 87' lang='lat' dir='ltr'>Romani,</span> <span class='ocrx_word' id='word_1_257' title='bbox 619 2887 673 2937; x_wconf 90' lang='lat' dir='ltr'>tolli</span> <span class='ocrx_word' id='word_1_258' title='bbox 685 2887 716 2935; x_wconf 91' lang='lat' dir='ltr'>ab</span> <span class='ocrx_word' id='word_1_259' title='bbox 729 2895 801 2948; x_wconf 82' lang='lat' dir='ltr'>tergo</span> <span class='ocrx_word' id='word_1_260' title='bbox 813 2886 912 2935; x_wconf 85' lang='lat' dir='ltr'>Samni-</span> 
     </span>
     <span class='ocr_line' id='line_1_37' title="bbox 163 2949 913 3041; baseline -0.011 -20"><span class='ocrx_word' id='word_1_261' title='bbox 163 2983 214 3032; x_wconf 81' lang='lat' dir='ltr'>tctn</span> <span class='ocrx_word' id='word_1_262' title='bbox 233 2967 325 3033; x_wconf 76' lang='lat' dir='ltr'>hostem</span> <span class='ocrx_word' id='word_1_263' title='bbox 341 2965 475 3027; x_wconf 63' lang='lat' dir='ltr'>volebam</span> <span class='ocrx_word' id='word_1_264' title='bbox 493 2975 575 3021; x_wconf 76' lang='lat' dir='ltr'>tamen</span> <span class='ocrx_word' id='word_1_265' title='bbox 594 2979 639 3035; x_wconf 82' lang='lat' dir='ltr'>per</span> <span class='ocrx_word' id='word_1_266' title='bbox 658 2949 785 3039; x_wconf 75' lang='lat' dir='ltr'>quosdam,</span> <span class='ocrx_word' id='word_1_267' title='bbox 791 2954 913 3041; x_wconf 78' lang='lat' dir='ltr'>privatin</span> 
     </span>
    </p>

    <p class='ocr_par' dir='ltr' id='par_1_5' title="bbox 791 3028 971 3108">
     <span class='ocr_line' id='line_1_38' title="bbox 791 3028 971 3108; baseline 0.011 -15"><span class='ocrx_word' id='word_1_268' title='bbox 791 3028 913 3108; x_wconf 72' lang='lat' dir='ltr'>hospitiis</span> <span class='ocrx_word' id='word_1_269' title='bbox 964 3052 971 3060; x_wconf 81' lang='grc'><em>“</em></span> 
     </span>
    </p>
   </div>
   <div class='ocr_carea' id='block_1_3' title="bbox 0 0 986 3660">
    <p class='ocr_par' dir='ltr' id='par_1_6' title="bbox 0 0 986 3660">
     <span class='ocr_line' id='line_1_39' title="bbox 0 0 986 3660; baseline 0 1"><span class='ocrx_word' id='word_1_270' title='bbox 0 0 986 3660; x_wconf 95' lang='lat' dir='ltr'> </span> 
     </span>
    </p>
   </div>
  </div>
 </body>
</html>
