1964 3660
112 205 161 264 47⁶
367 199 403 247 τ.
439 197 634 246 nrvrr

112 289 213 353 quidem
233 286 346 348 habebat,
363 283 468 334 mallii
485 283 632 332 samnitibus
644 281 669 332 ἃ
686 281 788 333 obfides
801 283 874 346 (lare,

113 367 138 415 u
152 363 258 430 presidia
270 367 295 412 in
306 364 361 413 loca
375 361 471 410 munita
482 362 603 427 accipere,
620 360 678 410 caeci
690 359 783 410 fraude
796 363 824 412 ἃ
834 363 873 411 ἰή

113 443 175 490 nibil
188 443 336 489 recusirunt.
371 440 488 487 Dilucere
504 436 592 486 deinde
611 437 682 485 brevi
701 436 772 487 fraus
786 442 871 506 coepit,

114 517 241 581 postquam
254 516 384 562 criminum
394 514 512 563 falsorum
524 512 633 562 austores
646 515 792 562 Tarentum
800 530 870 563 com-

114 594 268 653 migravere:
287 589 336 650 sed,
356 590 442 638 amisse
454 590 522 638 omni
533 590 563 637 de
575 589 599 637 se
608 588 737 654 potestate,
753 590 823 639 nihil
835 590 870 639 ul-

115 671 160 725 tre,
173 671 247 729 quum
258 676 286 713 ut
301 667 430 731 poeniteret
442 664 535 726 frustra,
553 665 664 714 restabat.

149 746 275 790 XXVIII.
295 746 333 792 Eo
344 759 410 792 anno
429 743 493 809 plebi
507 745 624 790 Romane
635 739 704 788 velut
717 742 787 793 aliud
799 743 868 792 initi-

115 833 160 868 um
177 818 295 867 libertatis
313 818 403 867 latium
420 820 462 880 est,
479 815 545 882 qubd
562 815 624 865 neili
644 814 786 868 defierunt:
812 833 871 867 mu·

117 906 198 945 tatum
216 907 298 944 autem
314 898 352 959 jus
375 897 408 944 ob
427 897 499 943 unius
519 893 671 950 foeneratoris
689 893 762 944 simul
783 895 868 944 libidi-

115 986 183 1033 nem,
201 970 270 1019 simul
283 973 449 1020 crudelitatem
461 969 588 1034 insignem.
606 971 637 1017 L.
648 970 762 1035 Papirius
774 972 867 1023 isfuit:

116 1050 158 1099 cui
171 1065 248 1114 quum
260 1050 284 1098 Ie
297 1055 325 1099 C.
339 1051 457 1099 Publilius
468 1048 502 1097 ob
513 1064 544 1098 aes
555 1048 662 1097 alienum
674 1059 810 1114 paternum
824 1065 867 1101 ue·

116 1139 179 1175 xum
196 1125 308 1187 dedillet;
327 1143 381 1192 quae
393 1137 450 1176 aetas
468 1125 598 1189 formaque
615 1124 814 1185 misericordiam
824 1127 868 1177 eli·

117 1217 173 1251 cere
182 1213 287 1267 poterat,
297 1203 328 1252 ad
340 1204 468 1253 libidinem
479 1202 504 1251 &
516 1201 691 1251 contumeliam
701 1203 817 1253 animtmt
827 1220 868 1254 ac·

117 1278 268 1327 cendemnt:
287 1280 320 1341 n,
337 1282 425 1328 florem
442 1279 519 1328 ntatIs
536 1277 588 1340 ejus
604 1275 711 1327 frustum
727 1279 869 1329 adventici-

117 1370 160 1403 um
173 1356 258 1405 crediti
270 1368 344 1417 ratus,
363 1359 444 1422 primb
455 1358 572 1424 perlicere
583 1355 762 1407 adolescentem
776 1357 868 1409 sermo·

118 1444 149 1478 ne
161 1431 252 1480 incesto
264 1434 296 1480 est
316 1442 434 1483 conatus:
453 1434 518 1494 dein,
536 1433 663 1498 postquam
674 1432 877 1502 aspemabannu

116 1508 238 1570 flagitium
254 1524 331 1571 aures,
349 1510 422 1557 minis
440 1510 560 1570 territare,
577 1520 652 1572 atque
668 1508 808 1562 identidem
824 1510 867 1562 ad·

117 1599 218 1635 monere
230 1585 350 1635 sortunae:
369 1585 500 1652 postremo,
517 1600 593 1650 quum
610 1587 770 1650 ingenuitatis
780 1588 868 1653 magis,

118 1668 193 1727 quim
203 1663 325 1730 praesentis
335 1663 492 1727 conditionis,
509 1677 646 1713 memorem
657 1665 763 1730 videret,
780 1665 871 1719 nudari

116 1738 197 1803 jubet,
214 1741 367 1805 verberaque
386 1740 477 1790 afferri.
512 1740 609 1803 Quibus
623 1740 743 1793 laceratus
757 1741 871 1812 juvenis,

119 1832 196 1882 quum
209 1817 269 1867 sein
282 1819 408 1884 publicum
420 1816 583 1883 proripuiffet,
599 1815 728 1869 libidinem
736 1818 869 1871 crudelita-

121 1903 221 1959 temque
232 1911 383 1959 conquerens
394 1895 560 1953 foeneratoris;
577 1895 661 1958 ingens
675 1895 714 1946 vie
729 1897 871 1961 homiuum,

119 1986 196 2037 quum
207 1974 284 2021 aetatis
304 1973 462 2022 miseratione
479 1981 554 2036 atque
565 1970 817 2035 indIgnitateinjuriae
828 1989 871 2025 ac·

120 2046 200 2109 censa,
219 2059 272 2096 tum
285 2047 333 2098 suae
345 2049 495 2099 conditionis
506 2047 657 2112 liberumque
677 2047 779 2099 suorum
787 2049 871 2117 respe·
910 2083 920 2094 ,

120 2124 161 2174 tiu
179 2126 204 2175 in
223 2127 326 2187 sorum;
343 2137 418 2191 atque
435 2124 500 2187 inde,
516 2127 615 2190 agmine
631 2123 711 2188 fastos
721 2126 753 2175 ad
773 2128 870 2178 citriam

121 2204 255 2251 concurrit.
275 2203 300 2250 ἃ
317 2218 394 2267 quum
412 2204 531 2263 consules,
546 2202 653 2250 tumultu
669 2204 801 2269 repentino
812 2221 872 2254 coa·

121 2278 162 2339 tii,
180 2278 289 2326 senatum
302 2290 430 2341 vocarent,
448 2280 628 2328 introiuntibus
639 2281 671 2328 in¹
683 2281 778 2329 curiam
789 2283 870 2332 Patri-

121 2353 167 2402 bus
183 2354 315 2401 laceratum
330 2354 430 2414 juvenis
449 2365 554 2417 tergum,
573 2356 761 2420 procumbentes
777 2356 809 2406 ad
816 2357 869 2409 Tm-

122 2429 236 2493 gulorum
257 2429 335 2495 pedes,
353 2431 516 2482 ostentabant.
551 2431 651 2480 Vitium
668 2446 698 2480 eo
715 2433 756 2482 die
773 2434 808 2482 ob
823 2435 872 2484 im-

122 2516 251 2573 potentem
262 2507 378 2571 injuriam
389 2509 461 2557 unius
479 2510 564 2571 ingens
575 2509 703 2558 vinculum
714 2509 786 2559 fidei:
802 2511 876 2573 jutus

123 2598 171 2648 que
183 2585 293 2634 eonsules
313 2584 377 2634 serre
392 2585 423 2634 ad
440 2586 569 2651 populum,
586 2601 617 2633 ne
632 2587 694 2650 quis,
712 2587 756 2635 nifi
768 2589 872 2653 quino-

123 2672 183 2710 xum
200 2662 331 2724 meruisset,
350 2660 427 2712 donec
447 2679 544 2729 poenam
563 2664 648 2724 lueret,
663 2665 689 2712 in
708 2665 874 2732 compedibus

123 2746 167 2786 aut
180 2737 206 2784 in
218 2753 296 2787 nervo
308 2749 447 2788 teneretur:
465 2742 574 2806 pecuniae
586 2740 682 2789 oreditae
694 2741 760 2790 bona
771 2742 873 2796 debito·

123 2815 165 2876 ris,
183 2829 340 2881 noncotpus,
358 2816 498 2867 obnoxium
507 2817 573 2866 ellel.
591 2820 631 2867 Ita
640 2818 700 2869 nexi
708 2818 799 2881 soluti;
811 2835 873 2870 cau.

124 2899 227 2951 tumque
239 2891 264 2937 in
277 2891 406 2954 posterum,
423 2909 454 2941 ne
466 2893 626 2942 neilerentur.

127 3007 131 3015 .
158 2969 260 3018 xxlx.
277 2967 457 3036 solemonio,
474 2985 553 3038 quum
562 2971 619 3032 satis
630 2968 714 3038 perlt'e
731 2969 872 3086 ipgrnmtisu·¹

127 3064 141 3092 .·.,
214 3090 216 3095 ,
798 3053 806 3085 ¹
829 3053 876 3093 lm
