1964 3660
354 221 377 268 L
393 215 406 268 1
425 220 442 267 B
461 215 521 269 ER
555 219 618 268 vn.
810 233 859 281 429

115 307 193 374 qualis
210 303 323 357 vitioria.
356 307 470 372 Utrisque
488 317 573 354 tamen
585 319 667 354 novus
685 303 759 353 hostis
776 317 859 353 curant

112 388 230 436 -tddebat
253 402 336 452 pugna
356 386 447 434 indicio
467 383 523 444 suit,
541 399 602 448 quos
622 382 735 446 gesserint
754 383 859 432 animos»
885 423 896 443 ,

115 479 222 528 namque
232 465 265 526 ita
276 465 450 523 conflixerunt,
462 471 490 508 ut
499 459 640 524 aliquandiu
648 462 673 508 in
685 469 795 508 neutram
805 474 860 525 par·

116 550 167 589 tem
178 540 325 589 inclinarent
334 540 407 589 acies.
443 541 512 586 Turn
521 535 614 597 consul,
624 536 814 601 trepidationem
823 537 861 585 in·

113 616 248 680 jiciendam
259 629 333 680 ratus,
350 615 449 682 quando
460 615 488 662 vi
504 613 560 679 pelli
571 626 621 660 non
633 622 753 678 poterant,
770 615 861 678 equiti-

116 693 163 742 bus
173 693 281 743 immissis
292 695 389 743 turbare
398 692 477 758 prima
489 689 554 752 signa
563 687 669 736 hostium
677 699 788 738 conatur.
799 705 861 754 quot

116 771 161 819 ubi
172 772 333 836 nequicquam
345 771 520 840 tumultuantes
532 767 558 813 in
570 764 648 831 spatio
662 766 754 828 exiguo
772 768 861 816 volve-

116 862 143 897 re
155 857 246 896 turmas
259 848 331 910 vidit,
348 861 393 895 nec
409 846 475 912 poss'e
489 843 583 908 aperire
600 842 625 889 in
642 840 720 888 hostes
731 841 806 904 viam,
817 859 861 892 se·

117 922 202 971 vetius
221 922 252 970 ad
270 922 438 985 antesignanos
452 920 585 982 legionum,
603 915 818 983 quumdesrluiffet
829 933 863 970 ex

117 1015 191 1063 equo,
218 998 335 1062 Nostrum,
351 999 439 1061 inquit,
453 996 551 1062 peditum
570 995 629 1056 illud,
646 995 732 1056 milites,
754 993 782 1055 est
802 1006 862 1060 opus.

117 1076 234 1141 agitedum,
250 1083 274 1122 ut
285 1092 319 1123 me
330 1076 442 1137 videritis,
455 1088 571 1139 quacunque
581 1069 677 1136 intcffem
688 1071 710 1118 in
720 1071 787 1119 aciem
799 1071 863 1134 hosti·

117 1167 163 1213 uin,
175 1151 239 1214 ferro
250 1152 312 1199 uiam
324 1152 451 1215 facientem,
460 1150 494 1214 fic
501 1160 543 1215 pyo
554 1149 581 1214 ft
591 1148 674 1213 quisque
684 1145 863 1211 obviossternitet
878 1161 882 1167 ’

119 1227 163 1277 Illa
177 1228 255 1288 omnia,
273 1229 315 1293 qud
331 1243 384 1276 nunc
402 1227 473 1276 crena
491 1227 571 1275 micant
586 1223 655 1287 hausit,
670 1224 782 1288 putesalia
786 1224 864 1290 strage

118 1301 290 1364 uastdcernetis.
323 1302 456 1353 tractitia
474 1301 580 1363 dederat,
598 1315 674 1364 quum
694 1300 786 1364 equites
802 1315 863 1354 con·

118 1378 175 1428 sutis
184 1378 249 1441 juilu
260 1379 397 1430 discurrunt
407 1382 433 1430 in
443 1395 544 1442 cornua,
561 1378 698 1441 legionibus
713 1378 739 1426 in
755 1378 864 1430 mediam

117 1457 197 1505 aciem
206 1452 319 1521 aperiunt
330 1459 406 1508 viam.
440 1457 535 1508 Primus
546 1455 754 1506 omniumconsul
765 1457 863 1514 invadit

116 1533 224 1593 hostem3
242 1535 275 1598 &,
293 1550 349 1584 curn
360 1552 410 1601 quo
427 1534 494 1587 forte
507 1535 613 1584 contulit
629 1534 739 1596 gradum,
757 1535 862 1584 obtrun-

116 1621 166 1659 cat.
192 1611 240 1658 hoc
259 1610 396 1676 ipetlaculo
414 1609 508 1660 accensi
526 1609 613 1657 dextr&
633 1609 745 1672 levaque,
765 1621 822 1658 ante
837 1609 862 1659 se

117 1685 228 1757 quisque,
245 1687 431 1735 memorandum
442 1685 554 1751 proelium
565 1685 639 1732 cient.
657 1687 725 1732 Stant
734 1684 810 1734 obnisr
823 1690 863 1734 Sa-

117 1763 207 1813 mnites
215 1780 222 1821 ;
230 1776 370 1825 quanquam
379 1761 449 1827 plura
460 1760 592 1825 accipiunt,
605 1763 679 1821 quim
687 1759 861 1822 inferunt‚vul·

117 1853 186 1889 nera.
221 1837 380 1902 Aliquamdiu
395 1838 446 1900 jam
457 1846 594 1902 pugnatum
610 1845 680 1884 crat:
697 1846 770 1886 atrox
787 1837 862 1888 cadet

117 1916 183 1965 circa
194 1912 260 1975 signa
272 1915 425 1975 Samnitium,
443 1913 502 1975 suga
523 1911 555 1960 ab
572 1909 698 1959 nulladum
714 1922 784 1976 parte
800 1923 862 1963 erat.

117 1990 180 2040 adeo
194 2000 275 2040 morte
294 1989 344 2040 sola
362 1990 431 2039 vinci
450 1985 629 2038 destinaverant
647 1988 745 2045 animis,
777 1993 864 2054 itaque
917 2014 925 2024 =

117 2069 234 2131 Rotnani,
246 2083 322 2133 quum
334 2069 359 2118 ἃ
368 2069 444 2118 flucre
452 2067 505 2130 jam
516 2064 650 2115 laffitudine
661 2066 726 2114 vites
737 2064 862 2132 sentirent,

116 2145 142 2195 St
153 2145 202 2194 diei
211 2146 276 2196 haud
287 2146 392 2195 multum
403 2141 540 2211 supereffet,
552 2141 645 2193 accenfi
656 2143 692 2193 iri
703 2144 829 2194 concitant
837 2145 864 2194 fe

118 2225 144 2272 in
156 2222 257 2272 hostem.
293 2227 362 2273 Turn
372 2225 482 2291 primum
489 2220 574 2272 referri
583 2219 670 2289 pedem
679 2230 751 2287 atque
762 2222 864 2273 inelina-

118 2302 141 2352 ri
159 2316 209 2351 rem
228 2303 254 2351 in
269 2301 354 2366 sugam
365 2303 494 2370 apparuit3
513 2312 567 2351 turn
581 2302 644 2367 capi,
660 2302 741 2352 occidi
760 2303 862 2355 Samnis.

117 2393 164 2429 nec
176 2379 344 2444 supersuiisent
353 2382 434 2443 multi,
445 2382 471 2429 ni
482 2395 536 2430 nox
547 2379 679 2429 vitiorium
690 2381 775 2444 magis,
787 2387 862 2445 quarn

119 2453 241 2521 proeliutn,
258 2454 395 2502 biremiilet.
413 2458 445 2503 Et
456 2457 563 2504 Romani
574 2455 721 2518 fatebantur,
730 2459 863 2520 'nunquam

119 2546 177 2581 curn
188 2530 350 2596 pertinaciore
361 2531 429 2579 hoste
440 2530 580 2580 conditium
591 2548 598 2579 ε
615 2531 641 2580 ἃ
649 2533 775 2596 Samnites,
785 2547 863 2598 quum

119 2617 274 2673 quereretur,
292 2621 402 2672 quaenam
413 2607 492 2674 prima
512 2604 584 2656 causa
602 2617 653 2656 tarn
664 2608 797 2658 obstinatos
806 2625 863 2659 mo·

119 2683 192 2733 vilset
207 2683 233 2731 in
250 2683 343 2746 sugam,
359 2683 426 2733 oculu
431 2683 478 2748 fibi*
489 2685 632 2733 Rammium
642 2685 718 2734 ardere
730 2687 795 2750 visos,
812 2687 862 2738 aie-

119 2763 189 2824 bant,
205 2761 330 2828 uestmosque
345 2761 419 2810 vanus
435 2762 463 2813 b·
475 2762 643 2826 furentium:
659 2762 709 2812 inde
724 2762 781 2828 plui,
797 2766 863 2830 quim

119 2857 147 2891 ex
165 2839 208 2888 alia
223 2838 267 2888 ulla
284 2853 316 2901 re,
334 2839 421 2888 terroris
434 2848 513 2888 mum.
531 2854 604 2905 quern
622 2849 740 2889 terrorem
755 2855 863 2908 nonpu·

120 2933 174 2982 gnae
185 2916 265 2966 solnm
281 2925 380 2980 eventu,
398 2915 445 2966 scd*
455 2916 573 2968 notiurnl
588 2916 746 2986 prosetiionc,
764 2918 863 2973 contest

120 2995 186 3050 sunt.
219 2993 322 3054 teucros
328 2993 369 3050 tie
377 2997 463 3052 taetris
472 2997 580 3053 notium
589 2991 670 3060 castris
679 3001 805 3076 monimus
816 3008 874 3066 pn«.a

129 3073 143 3119 l,
605 3104 609 3109 ι
782 3074 861 3121 utut
