1964 3660
408 142 443 195 Τ.
478 142 532 193 Η
549 144 636 197 Vi!

100 214 111 230 ‘
141 144 195 292 id,
212 229 340 296 tuoqueritu
354 226 419 279 'nun
454 231 549 282 Dextri
564 231 679 281 Hercules
690 229 754 295 dati,
770 232 865 298 accipent
872 235 900 300 se

93 367 94 370 Ἴ
153 322 222 370 omen,
239 307 416 373 impleturumque
421 307 483 372 suta,
495 312 535 361 ard
543 310 625 359 conditui
636 318 698 376 atque
708 312 786 374 dicati,
797 311 840 359 ait.
859 311 898 362 lbi

153 395 208 434 tum
216 384 333 450 primum,
343 385 411 434 bove
422 386 514 435 eximia
523 388 594 454 capti
604 385 634 434 de
643 403 724 450 grege,
734 387 828 436 sacrum
837 390 899 437 lier-

153 461 210 522 euli‚
224 460 340 510 adhibitis
349 460 381 511 ad
390 461 551 513 ministerium
562 463 700 529 dapemque
711 466 808 514 Potitiis
818 480 847 514 ae
858 465 900 514 Pi·

151 538 234 602 nanis,
252 553 306 602 quae
317 549 372 588 tum
382 538 481 589 samiliae
491 540 600 589 maxime
610 541 710 606 inclytae
724 557 753 590 ea
762 541 819 591 loca
829 543 899 592 inco·

111 612 137 695 Q
151 612 242 679 iebant,
259 615 359 666 salium.
394 620 468 667 Forte
476 617 510 666 ita
521 619 613 682 evcnit,
624 627 654 666 ut
664 619 748 668 Potitii
757 618 788 668 ad
799 628 898 683 tempus

150 691 359 761 preconcinunt
372 707 419 759 qne
432 706 492 744 exta
506 705 701 762 apponerentur3
718 695 817 755 Pinarii,
835 696 901 745 extis

150 770 232 834 adens,
253 769 284 820 ad
303 780 409 820 ceteram
428 773 542 821 venirent
559 771 656 837 dapem.
683 769 739 819 inde
758 772 897 821 institutum

91 879 94 882 »
150 842 246 909 mansu,
264 846 343 897 donec
355 848 479 897 Pinarium
491 862 567 912 genus
577 847 632 910 fuit,
648 863 680 896 ne
689 843 752 896 extis
760 847 899 896 solennium

150 925 317 996 vescerentur.
352 926 446 989 Potitii,
458 927 497 975 'ab
507 924 624 975 Evandro
635 924 722 988 edesii,
734 925 849 973 antistites
861 924 898 973 sa-

150 1004 187 1052 cri
199 1003 250 1066 ejus
259 1019 302 1070 per
310 1003 399 1052 multas
407 1015 488 1053 aetates
499 1003 606 1052 fuerunt:
625 1001 711 1064 donec,
720 1001 811 1050 tradito
820 1001 899 1050 servis

150 1079 256 1147 publicis
270 1078 364 1128 solenni
380 1079 480 1128 familiae
491 1078 634 1138 ministerio,
653 1093 728 1138 genus
742 1093 816 1127 omne
830 1078 899 1125 Poti-

149 1158 245 1205 tIorum
256 1156 356 1202 interiit.
375 1158 433 1201 Haec
444 1163 498 1200 tum
510 1153 576 1201 sacra
583 1152 701 1200 Romulus
712 1168 761 1200 una
772 1167 805 1201 ex
816 1153 897 1202 omni·

115 1222 118 1227 ¹
143 1229 196 1280 bns
208 1231 334 1295 peregrina
345 1227 461 1294 suscepit;
476 1228 528 1290 jam
540 1238 595 1276 tum
606 1228 796 1277 immortalitatis
804 1230 899 1280 virtute

150 1317 233 1376 parta,
245 1304 275 1354 ad
287 1319 362 1368 quam
374 1319 431 1352 eum
443 1303 484 1353 sua
495 1304 546 1353 sata
554 1303 683 1367 ducebant,
696 1303 788 1352 fautor.

185 1376 259 1430 VIII.
278 1381 360 1428 Rebus
371 1379 462 1428 divinis
478 1380 523 1428 rite
538 1380 689 1446 perpetratis,
709 1381 847 1444 vocatique
865 1382 898 1432 ad

151 1457 285 1509 concilium
299 1456 465 1519 multitudine,
482 1471 538 1521 quae
549 1455 681 1505 coalescere
693 1457 718 1504 in
738 1458 823 1523 populi
840 1458 898 1506 uni-

149 1549 179 1583 us
188 1548 276 1600 corpus
286 1533 349 1581 nulli
357 1548 392 1595 re,
399 1541 560 1598 praeterquam
567 1531 668 1595 legibus,
678 1543 782 1598 poterat,
789 1533 846 1596 jura
853 1533 896 1582 de.

150 1611 203 1661 dit:
221 1627 275 1676 qnae
286 1611 320 1658 ita
332 1607 410 1658 saniia
427 1610 510 1673 generi
521 1609 650 1658 hominurn
661 1610 746 1673 agresti
758 1608 812 1659 sore
823 1616 897 1676 ratus,

150 1687 204 1737 sise
215 1687 266 1753 ipse
278 1686 441 1735 venerabilem
453 1685 584 1750 insignibus
595 1687 692 1752 imperii
701 1685 799 1750 fecisset,
819 1703 898 1753 quum

149 1774 232 1812 eetcro
242 1762 326 1810 habitu
336 1762 359 1809 se
368 1762 539 1830 angustiorem,
547 1772 601 1810 tum
609 1763 847 1831 maximilisioribus
854 1765 899 1814 du·

92 1860 98 1868 ·
149 1839 248 1892 odeeim
258 1837 367 1908 sumptis,
379 1838 446 1890 secit.
465 1839 515 1889 Alii
527 1840 558 1889 ab
569 1854 672 1889 numero
683 1841 777 1905 avium,
790 1856 843 1906 quar
853 1857 899 1891 au-

149 1919 223 1982 gurio
231 1933 335 1982 regnum
342 1916 586 1983 portenderant‚eum
595 1917 705 1966 secutum
713 1933 841 1968 numerum
851 1934 898 1985 pu-

148 2003 212 2044 tant.
230 2009 270 2044 me
281 1994 346 2044 haud
357 1997 459 2061 poenitet
467 2010 553 2044 eorum
565 1994 689 2045 sententia
700 1994 754 2058 effe,
772 1997 860 2061 quibus
871 1997 898 2050 δι

149 2073 304 2140 apparitores
315 2073 340 2120 ἃ
352 2073 400 2122 hoc
411 2087 485 2135 genus
496 2071 527 2120 ab
534 2071 640 2120 Etruscis
650 2071 767 2133 finitimis,
777 2072 842 2120 unde
852 2071 897 2120 sel-

149 2149 175 2197 la
190 2148 286 2212 curulis,
304 2148 368 2195 unde
387 2158 446 2210 toga
462 2157 580 2212 pretextu
592 2145 688 2211 sumpta
705 2148 745 2207 est,
767 2160 898 2198 numerum

150 2239 250 2288 quoque
262 2225 340 2288 ipsum
352 2222 451 2270 duiium
462 2223 555 2288 placet:
573 2224 599 2270 ἃ
609 2224 644 2271 ita
655 2221 763 2271 habuisse
773 2223 897 2291 Etruscos,

149 2299 225 2364 quod,
242 2312 274 2346 ex
289 2296 418 2348 duodecim
435 2298 532 2363 populis
548 2299 712 2346 communiter
729 2309 811 2348 creato
828 2314 896 2369 rege,

147 2375 254 2439 singulos
265 2375 350 2438 singuli
361 2375 447 2441 populi
458 2373 553 2423 liiiores
564 2371 682 2423 dederint.
719 2374 847 2424 Crescebat
857 2377 896 2426 in·

145 2453 223 2502 ‘terim
244 2451 309 2515 urbs,
332 2451 510 2500 munitionibus
529 2450 577 2499 alia
591 2461 664 2516 atque
688 2451 737 2499 alia
756 2453 897 2517 appetendo

149 2531 213 2592 loca,
236 2542 313 2593 quum
325 2528 351 2576 in
366 2528 432 2594 spem
446 2528 523 2592 magis
535 2527 622 2576 suturae
633 2527 803 2592 multitudinis,
820 2535 897 2594 quim

149 2605 180 2654 ad
191 2604 223 2668 id,
236 2603 302 2669 quod
310 2615 363 2653 tum
375 2605 504 2652 hominum
513 2613 572 2666 erat,
584 2605 717 2652 munirent.
742 2604 846 2670 Deinde,
862 2616 899 2659 ns

149 2682 289 2731 vanaurbis
297 2681 441 2749 magnitudo
449 2679 512 2744 effer,
520 2680 660 2744 adjiciendae
668 2681 895 2734 multitudiniscau:

149 2758 182 2821 u,
195 2770 277 2809 vetere
287 2758 385 2808 consilio
395 2756 553 2808 condentium
563 2760 643 2821 urbes,
652 2759 704 2827 qni²
717 2757 846 2809 obscuram
856 2770 895 2810 at·

149 2848 198 2896 que
209 2837 326 2887 humilem
340 2835 474 2886 conciendo
491 2834 557 2884 adse
573 2835 764 2893 multitudinem,
782 2846 867 2886 natam
879 2841 895 2889 ὸ

147 2920 211 2963 terra
224 2911 268 2963 fibi
283 2914 379 2983 prolem
387 2912 583 2966 ementiebantur
590 2930 598 2976 ς
616 2912 707 2977 locun,
723 2911 766 2978 qui
777 2926 843 2962 nnnc
856 2911 894 2980 (q-

835 2995 898 3057 ptus
