1964 3660
347 213 369 265 L
386 213 400 266 1
416 216 434 264 B
452 214 513 265 ER
547 215 595 265 tv.
800 217 854 279 2¹³5

110 300 191 352 eioret
206 301 288 364 etant3
305 299 365 367 suga
381 319 433 354 non
446 306 528 353 ninus
539 303 642 370 trepida,
659 308 733 370 quim
749 305 775 356 in
791 308 855 374 acie,

112 377 169 428 suit.

117 492 120 497 .
144 457 204 505 XX.
223 457 343 508 Omnibus
357 458 418 508 locis
429 474 455 508 re
470 459 533 508 bene
543 457 615 523 gelli,
632 457 736 508 dislator
747 457 856 509 senatus·
881 484 884 487 v

111 531 224 582 consulto
240 532 353 600 jussuque
370 537 456 602 populi
467 538 618 602 triumphant
633 538 658 586 in
674 538 760 586 urbem
771 538 854 588 rediit.

111 607 199 670 bonge
217 610 355 658 maximum
371 610 492 675 triumphi
508 610 670 677 speslaculum
691 609 739 662 suit
761 611 856 674 Cossus,

111 681 189 750 spolia
197 686 280 750 opima
288 684 350 751 regis
362 685 481 736 intersesli
491 703 583 750 gerens.
601 689 627 736 in
638 703 693 736 eum
704 689 792 737 milites
801 703 856 738 ear·

110 763 178 810 mina
188 762 324 827 incondita,
341 775 464 829 aequantes
475 780 531 812 eum
542 765 658 826 Romulo,
672 779 765 815 canere.
793 770 854 832 Spo-

41 837 53 847 ”
110 839 143 897 iia
154 840 180 888 in
199 840 250 890 aede
263 842 337 906 ¹Jovis
354 843 456 891 Feretrii
476 857 553 907 prope
572 843 672 890 Romuli
688 843 774 908 spolia,
791 859 854 908 que,

111 915 190 981 prima
203 917 292 982 Opima
302 917 430 984 appellata,
448 916 499 965 sola
510 919 537 964 ed
551 917 691 982 tempestate
702 927 779 980 erant,
796 933 856 969 cum

111 991 205 1042 solenni
221 991 375 1056 dedicatione
393 992 461 1043 dono
480 993 547 1043 lixit.
571 1004 742 1058 averteratque
760 997 786 1045 in
804 995 854 1046 sea

109 1081 184 1118 curru
200 1067 324 1119 disiatoris
340 1069 436 1118 civium
452 1084 503 1132 ora,
521 1069 546 1118 dt
565 1069 711 1119 celebritatis
732 1069 787 1133 ejus
803 1072 856 1122 diei

109 1142 216 1196 studium
227 1149 303 1213 prope
316 1144 380 1195 solue
391 1145 489 1195 tulerat.
524 1144 637 1196 Didiator
648 1161 765 1197 coronam
781 1163 853 1198 aune·

110 1235 150 1275 um
161 1220 248 1272 libram
259 1223 342 1289 pondo
354 1237 387 1272 ex
397 1223 498 1289 publica
507 1224 619 1289 pecunia,
637 1224 723 1290 populi
735 1223 809 1291 jussu,
826 1225 854 1275 in

112 1298 237 1365 Capitolio
248 1301 309 1364 Jovi
322 1299 416 1350 donum
427 1299 518 1367 posuit.
553 1305 645 1350 Omnes
656 1312 712 1351 ante
721 1318 761 1351 me
769 1301 853 1353 autio-

69 1374 71 1381 ’
110 1374 263 1439 ressecutus,
281 1379 313 1427 Α.
327 1377 470 1428 Cornelium
492 1376 590 1429 Cossum
607 1377 733 1428 tribunum
747 1380 854 1429 militum

110 1449 215 1502 secunda
233 1451 312 1520 spolia
330 1455 414 1522 opima
432 1451 504 1518 Jovis
519 1454 620 1504 Feretrii
636 1455 728 1521 templo
739 1454 854 1519 intulisse,
928 1466 932 1471 ·

110 1527 224 1596 exposui.
241 1536 357 1596 cerem,
367 1543 527 1598 preterquam
535 1531 600 1596 quod
609 1547 638 1580 ea
648 1533 695 1582 rite
704 1533 787 1600 opima
796 1533 853 1601 spon

109 1603 144 1657 lia
154 1606 283 1671 hebentun
300 1623 355 1674 quae
365 1607 418 1658 dux
432 1605 488 1656 duci
505 1607 629 1667 detraxit;
646 1623 691 1657 nec
708 1607 796 1659 ducem
806 1624 854 1660 no·

109 1683 200 1747 vimus,
210 1685 254 1742 nisi
265 1685 335 1748 cujus
346 1683 456 1750 auspicio
467 1683 559 1732 bellum
569 1684 679 1747 geritur3
696 1683 781 1733 titulus
792 1685 852 1751 ipse,

109 1757 195 1822 spoliis
203 1759 341 1826 inscriptus,
352 1759 407 1808 illos
418 1772 505 1825 meque
515 1759 604 1820 arguit,
617 1755 741 1815 consulem
752 1774 781 1807 ea
792 1757 852 1809 Cos·

108 1832 162 1886 sum
173 1833 269 1901 cepisse.
285 1838 343 1885 Hoc
354 1849 401 1897 ego
412 1847 488 1896 quum
500 1832 637 1896 Augustum
650 1832 777 1895 Caesarem,
789 1845 852 1884 tem·

109 1908 208 1975 plorum
224 1909 335 1958 omnium
347 1905 500 1956 conditorem
513 1915 556 1954 aut
572 1906 743 1969 restitutorem,
760 1909 853 1971 ingres.

108 1983 164 2040 sum
171 1984 250 2035 edem
266 1983 369 2032 Feretrii
377 1982 457 2046 Jovis,
474 1996 549 2045 quam
558 1981 677 2030 vetustate
688 1981 804 2047 dilapsam
815 1998 852 2032 re-

57 2063 61 2069 ’
107 2063 177 2125 feeit,
194 2061 219 2113 se
230 2060 309 2127 ipsum
317 2062 343 2109 in
350 2059 453 2111 thorace
466 2060 543 2110 linteo
557 2057 674 2126 scriptum
682 2057 762 2123 legisse
773 2059 853 2111 audis·

106 2136 176 2197 sem;
193 2151 272 2203 prope
289 2135 442 2200 sacrilegium
459 2145 526 2189 ratur
545 2133 607 2198 sum,
626 2134 698 2188 Collo
717 2135 852 2202 spoliorum

110 2214 212 2265 suorum
228 2213 354 2279 Caesarem,
371 2213 443 2282 ipfiue
462 2213 546 2280 templi
562 2211 695 2279 auslorem,
712 2213 855 2265 subtrahere

109 2291 202 2341 testem.
225 2293 267 2357 qui
278 2291 296 2342 sl
306 2308 335 2342 ea
350 2291 540 2354 inresectum,
557 2290 685 2357 quodiam
701 2302 796 2342 veteres
807 2306 852 2343 au·

46 2417 52 2421 ,
108 2368 183 2432 ualet,
198 2369 314 2436 quodque
322 2371 505 2434 magistratuum
512 2369 578 2434 libri,
595 2385 657 2435 quos
668 2370 755 2426 linteos
765 2371 790 2422 in
801 2370 853 2423 tede

108 2445 224 2512 repositos
235 2448 344 2497 Moneta
357 2449 444 2496 Macer
460 2447 570 2500 Licinius
581 2446 641 2499 citat
655 2446 790 2502 identidem
807 2461 851 2500 au·

107 2523 195 2585 flores,
211 2535 279 2570 nono
294 2521 346 2586 post
357 2520 456 2571 demum
466 2536 598 2572 annocum
615 2525 651 2570 T.
662 2525 851 2586 QuiosiiotPen·

105 2613 144 2648 uo
156 2602 187 2648 Α.
200 2597 342 2645 Cornelium
351 2594 450 2649 Coss'um
462 2596 586 2652 consulem
597 2598 718 2660 habeant;
729 2598 851 2655 existima-

108 2677 146 2726 tio
158 2673 294 2724 communis
305 2673 418 2722 omnibus
427 2673 468 2721 est.
487 2689 544 2726 nam
552 2675 627 2725 etiam
635 2674 694 2725 illud
706 2674 808 2737 accedit,
820 2688 853 2724 ne

108 2763 160 2801 tam
173 2752 236 2802 clara
252 2765 333 2816 pugna
342 2750 368 2798 in
379 2757 436 2800 eum
444 2766 534 2801 annum
548 2751 672 2805 transferri
682 2751 766 2818 posset,
784 2753 852 2815 quod
877 2788 879 2792 -

106 2829 205 2880 imbelle
221 2828 353 2877 triennium
364 2827 440 2876 setme
457 2829 592 2893 pestilentid
606 2829 737 2893 inopidque
752 2827 851 2890 frugum

108 2905 175 2955 circa
195 2907 226 2953 Α.
246 2904 388 2953 Cornelium
408 2902 532 2954 consulem
543 2904 608 2955 suit:
625 2904 687 2952 adeo
703 2913 732 2955 ut
750 2903 851 2969 quidam

10 3062 13 3071 ,
106 2980 214 3096 pnuales,
232 2982 301 3037 velut
318 2981 414 3051 funesti,
429 2981 492 3036 nihil
508 2991 595 3056 preter
609 2982 712 3066 nomina
722 2979 850 3122 condtuglgudss
