1964 3660
89 168 239 266 ‘aso'
324 265 329 271 ,
416 185 648 259 nmvrr·

166 302 246 357 cepta,
264 292 347 343 necin
366 293 467 359 longum
479 296 554 346 dilata
565 311 603 345 rec
614 295 656 345 est.
692 295 725 346 Α.
737 292 874 345 Pollmnius
886 289 912 345 ἃ

165 368 202 436 Ῐι.1
211 368 291 434 Julius
305 387 356 441 non
364 372 429 436 justo
440 372 542 437 delectu,
560 375 661 435 (etenim
671 373 704 424 ab
716 373 823 422 tribunis
833 370 913 437 plebia

164 446 370 521 impediebamur)
382 443 422 500 sed
433 454 510 519 prope
520 450 728 515 voluntariorum,
746 449 912 516 quos'adhorss

162 523 243 575 tando
253 527 425 594 incitaverant,
442 527 526 583 coella
540 518 624 593 mauu,
641 542 780 598 peragrum
793 532 914 577 Caeretem

121 644 127 658 Ι
164 601 272 668 obliquis
284 606 422 656 tramitibus
434 605 524 670 egressi,
542 606 695 657 redeuntesa
710 604 914 674 populationibus

165 678 302 746 gravesque
322 681 401 749 prada
427 680 621 748 Tarquinienses
640 679 786 750 oppressere.
820 681 914 731 multos

165 759 282 808 mortales
293 760 451 823 obtruncant,
462 774 547 808 omnes
558 769 654 809 exuunt
665 751 861 826 impedimentis;
878 757 913 824 ἃ,

68 845 72 857 ·
165 837 269 904 receptis
280 834 397 902 agrorum
408 838 508 887 suorum
520 834 612 902 spoliis,
624 839 731 886 Romam
742 846 911 885 revertuntur.

165 911 271 963 Biduum
287 912 539 980 ad‘recognosc'endas
551 929 588 963 res
600 914 685 964 datum
696 914 818 984 dominr's:
836 914 914 964 tertio

164 990 292 1055 incognita
309 993 388 1056 (crant
399 1002 481 1041 autem
497 1006 526 1040 ea
543 992 657 1058 pleraque
669 992 774 1042 hostium
788 990 911 1062 ipsorum)

164 1066 210 1119 sub
222 1069 287 1119 hasta
298 1071 413 1118 veniere:
431 1066 548 1134 qnodque
565 1067 621 1118 inde
639 1066 773 1133 rodostum,
782 1067 912 1139 'militibus

164 1145 198 1195 cst
210 1136 326 1195 dilisum.
362 1149 448 1195 Cetera
456 1145 528 1209 bella,
545 1146 701 1212 maximeque
713 1146 813 1211 chens,
830 1146 912 1196 incer·

165 1223 185 1271 ti
197 1223 278 1270 exitiis
287 1232 365 1272 erant.
383 1225 488 1288 Jamque
500 1223 617 1287 Romani,
624 1223 749 1290 desperata
763 1239 812 1291 ope
822 1223 911 1272 huma·

164 1300 204 1363 na,
221 1297 271 1349 fata
284 1300 309 1350 ἃ
326 1303 393 1349 Deos
412 1299 560 1368 spesiabant,
578 1316 655 1365 quum
669 1301 744 1366 legati
763 1300 795 1351 ab
806 1299 912 1368 Delphis
936 1296 938 1299 ’

164 1389 295 1443 venerunt,
314 1376 402 1428 sortem
421 1379 514 1427 oraculi
531 1377 666 1443 afferentes,
684 1382 861 1444 congruentem
872 1393 911 1427 re·

165 1453 254 1523 sponso
266 1456 360 1522 captivi
374 1450 449 1504 vatis!
480 1458 584 1519 Romane,
601 1444 678 1523 apolm
690 1456 800 1507 Albaniam
811 1465 867 1507 cnu'e
876 1455 910 1504 la·

163 1547 190 1583 cn
200 1532 309 1594 contineri,
327 1548 383 1580 caue
394 1533 416 1580 in
433 1549 492 1581 inore
503 1547 591 1585 moriare
601 1534 643 1599 ρο
656 1533 822 1600 flnmineftnns.
845 1532 910 1597 emis·

158 1612 210 1680 firm
217 1624 260 1678 per
270 1627 333 1679 agros
343 1609 431 1678 rigabis,
447 1611 608 1677 diffipntornan
621 1610 680 1661 riuis
691 1611 817 1681 exstingues.
832 1659 837 1664 ,
851 1611 911 1661 Turn

164 1698 189 1740 tu
199 1688 266 1754 insiste
282 1688 352 1739 audax
365 1686 454 1753 hostiurn
465 1688 546 1750 mnrir;
564 1705 653 1752 memor,
669 1706 731 1756 quam
741 1701 782 1756 per
800 1696 831 1739 tol
845 1703 911 1755 onnon

162 1766 239 1834 obfides
250 1765 331 1831 orbern,
348 1782 374 1817 ex
392 1784 417 1817 ea
433 1765 472 1816 nii
486 1765 527 1829 lis,
543 1782 586 1832 quc
596 1783 649 1816 nnnc
657 1768 789 1834 porrdnntur,
800 1766 859 1831 fatis
870 1767 910 1815 oi·

163 1846 254 1896 sioriam
273 1845 355 1894 darom.
390 1845 450 1895 Bello
464 1843 571 1912 perfosso,
591 1844 666 1894 donum
683 1844 779 1912 amplum
798 1840 868 1894 nino
881 1842 912 1893 od

141 1965 145 1971 .
165 1939 213 1971 mea
224 1924 305 1990 templo
311 1933 415 1990 portato:
427 1926 530 1991 socroqne
536 1923 621 1990 patrio,
637 1939 724 1991 qnorum
732 1921 804 1992 omiffir
814 1938 864 1973 nna
871 1922 910 1990 est,

137 2000 142 2013 “
163 1995 289 2065 instaurato,
305 2010 330 2050 nt
343 1999 421 2067 affolet,
433 2002 514 2065 facito.

198 2082 286 2127 XVII.
305 2080 393 2142 Ingens
405 2079 461 2126 inde
471 2077 554 2126 haberi
564 2076 677 2145 captivus
686 2088 756 2128 vates
767 2087 867 2144 coeptuS,
884 2090 910 2126 e·

164 2171 256 2220 umque
267 2155 383 2205 adhibere
395 2156 487 2204 tribuni
499 2155 605 2203 militum
623 2156 751 2227 Cornelius
762 2154 911 2205 Postumius-

164 2246 213 2296 que
230 2231 261 2279 ad
280 2229 388 2296 prodigii
405 2228 496 2280 Albani
514 2229 714 2294 procurationem
731 2233 849 2284 arc-Deos
863 2234 912 2284 rite

163 2306 294 2372 placandos
306 2320 410 2370 coepere.
444 2306 627 2368 inventumque
642 2301 740 2353 tandem
752 2304 793 2368 est,
810 2306 854 2356 ubi
865 2323 911 2358 ne·

162 2382 251 2445 glesias
263 2383 415 2432 ceremonias
432 2379 627 2431 intermissumve
643 2379 742 2430 solenne
760 2383 803 2433 Dii
820 2400 910 2450 argue.

75 2475 78 2481 ·
162 2468 234 2518 rent3
250 2459 315 2509 nihil
322 2456 432 2525 profesio
443 2457 509 2508 aliud
521 2456 576 2522 effe,
585 2463 659 2525 quam
670 2458 831 2525 magistratus,
843 2465 911 2518 vitio

163 2547 268 2597 cremon,
286 2536 389 2585 Latinas
398 2533 580 2601 sacrumquein
595 2535 693 2586 Albano
704 2545 790 2586 monte
801 2552 854 2588 non
864 2539 911 2592 rite

164 2608 308 2676 concepisse.
326 2613 405 2661 Unam
421 2610 592 2679 expiationem
603 2626 692 2661 corum
703 2611 758 2677 effe,
776 2623 804 2661 ut
816 2614 909 2666 tribuni

161 2687 272 2740 militum
288 2685 430 2742 abdicarent
446 2687 471 2738 sc
484 2687 635 2753 magistratu,
651 2686 760 2756 auspicia
771 2688 801 2738 dc
812 2689 911 2754 integro

162 2773 340 2832 repeterentur,
363 2764 388 2814 dc
405 2765 573 2830 interregnum
590 2765 702 2815 iniretur.
736 2768 773 2816 Ea
791 2767 827 2828 ita
845 2766 909 2819 sasla

161 2839 220 2893 sunt
230 2857 262 2893 ex
276 2839 495 2893 senatusconsulto.
525 2845 660 2908 Interrcgcr
670 2852 720 2894 tres
729 2842 845 2911 deinceps
855 2842 909 2896 sue-

161 2932 198 2981 re,
216 2920 247 2968 L.
260 2918 382 2981 Valerius,
401 2922 434 2983 Q.
453 2917 569 2968 Servilius
579 2919 691 2984 Fidenas,
708 2922 749 2970 M.
760 2919 848 2970 Furius
861 2922 910 2971 Ca·

162 2994 253 3052 misius.
272 2996 409 3063 Nunquam
417 2993 520 3047 desitum
532 2993 629 3047 interim
641 2988 743 3065 turbari,
756 2996 858 3112 comittpa
868 2995 908 3117 ipl:

539 3080 543 3085 .
647 3080 649 3086 A
844 3075 873 3130 Ψ
949 3066 965 3085 .
