1964 3660
347 204 372 255 L
388 206 437 254 113
454 203 515 255 ER
546 200 569 253 i.
800 206 837 262 ξς

91 293 216 346 diversum
225 294 272 344 iter
282 295 470 359 equiconcitati,
488 295 594 343 lacerum
603 292 628 341 in
638 300 745 357 utroque
761 303 836 340 curru

92 391 189 443 eorpus,
207 375 255 440 qui
272 373 413 422 inhaeserant
431 372 535 421 vinculis
556 371 674 433 membra,
701 379 835 436 portantes.

93 456 213 500 Avertere
225 465 308 500 onmes
316 456 330 498 a
339 460 406 498 tanta
417 448 524 498 soeditate
533 447 660 514 spedaculi
672 447 764 496 oculos.
782 445 835 495 Pri-

91 528 337 593 mumultimumque
348 527 406 575 illud
420 524 565 593 supplitium
578 524 643 592 apud
654 527 779 574 Romanos
790 536 835 572 ex.

92 605 166 672 empli
178 619 265 672 parurn
275 605 390 655 memoris
401 605 483 667 legum
494 604 655 651 humanarum
669 600 725 650 urit.
746 600 772 650 in
783 599 837 649 aliie

93 682 190 748 gloriari
202 684 267 747 licet,
284 682 344 732 nulli
355 683 463 745 gentium
469 681 577 729 mitiores
589 678 701 747 placuisse
712 694 803 746 poenas.
853 701 969 788 ...μ’

127 764 227 810 XXIX.
240 764 306 809 Inter
316 761 367 808 haec
375 759 428 822 jam
436 757 546 824 praemissi
558 758 646 807 Albam
655 767 723 806 erant
734 756 837 822 equites,

95 838 138 901 qui
146 837 328 886 multitudinem
334 837 488 886 traducerent
496 838 610 884 Romam.
623 836 743 898 Legiones
750 833 839 883 deinde

96 911 172 963 dudlae
183 911 213 961 ad
224 911 366 961 diruendam
376 910 472 960 urbem.
499 924 552 975 qua
562 908 605 958 ubi
617 911 738 957 intravere
747 919 842 974 portas,

96 1004 147 1038 non
161 988 260 1053 quidem
274 989 322 1037 suit
338 988 456 1038 turnultus
472 987 521 1050 ille,
539 1000 584 1036 nec
605 1001 693 1052 pavor,
712 985 788 1048 qualis
799 999 840 1031 ca-

40 1086 43 1091 ·
97 1077 194 1133 ptarum
204 1065 250 1114 esse
261 1067 359 1115 urbium
367 1066 442 1126 solet;
454 1080 539 1131 quum,
548 1061 650 1112 effradils
661 1063 745 1130 portis,
753 1059 842 1110 stratis»

97 1155 129 1192 te
141 1143 216 1192 ariete
233 1144 316 1206 muris,
335 1154 378 1192 aut
388 1158 444 1192 arce
460 1144 488 1191 vi
500 1142 578 1208 eapti,
596 1141 689 1190 elamor
708 1139 798 1190 hostilis
814 1137 842 1188 dt

96 1220 179 1270 eursus
190 1236 234 1288 per
241 1222 329 1270 urbem·
345 1232 495 1271 armatorum
512 1221 596 1270 omnia
612 1218 677 1268 serro
694 1218 842 1281 flaminique

97 1297 194 1348 miscet:
213 1298 253 1347 sed
264 1298 382 1348 suentium
397 1299 461 1348 triste
470 1314 498 1348 ae
509 1299 583 1348 tacita
591 1298 702 1347 moestitia
711 1297 745 1345 ita
754 1294 848 1344 defixit

97 1374 209 1422 omniurn
218 1375 319 1436 animos,
328 1385 364 1438 ut,
374 1390 422 1441 prae
433 1373 589 1499 opobliti,
601 1373 659 1438 quid
669 1374 843 1437 relinquerent,

98 1449 158 1513 quid
169 1449 250 1498 secum
260 1449 358 1514 terrent,
367 1450 452 1499 deflere
462 1466 501 1515 „e
505 1450 613 1518 oonsilio,
624 1450 804 1514 rogitantesque
815 1465 844 1498 a·

98 1526 125 1575 lii
136 1527 204 1589 alios,
222 1527 323 1574 nuncin
339 1527 462 1575 liminibus
471 1527 566 1589 starent3
583 1542 647 1576 nunc
658 1526 788 1576 errabundi
796 1524 844 1575 do-

99 1617 152 1652 mos
164 1602 224 1665 suas,
233 1603 345 1652 [utimum
360 1603 418 1650 illud
429 1602 513 1665 visuri,
523 1588 726 1669 pervagarentur:
754 1605 788 1651 Ut
799 1616 846 1652 ve·

99 1684 128 1728 rb
140 1679 191 1741 jam
205 1681 315 1744 equiturn
324 1679 416 1728 elamor
429 1681 497 1728 exire
514 1680 652 1742 jubentium
667 1678 776 1742 instabat,
791 1680 845 1742 jam

100 1753 184 1817 fragor
194 1752 321 1817 mdiorum,
340 1769 393 1818 quae
403 1754 569 1816 diruebantur,
585 1753 676 1803 ultimis
689 1754 757 1802 urbis
768 1755 845 1820 parti-

100 1830 146 1880 bus
163 1828 315 1890 audiebatur,
335 1829 470 1894 pulvisque,
488 1845 520 1877 ex
531 1829 672 1879 distantibus
689 1830 749 1879 locis
768 1840 846 1895 ottus,

101 1905 171 1955 velut
188 1883 459 2025 nubesrndusiayomnia
470 1906 614 1970 impleverat
622 1925 630 1966 ς
646 1906 745 1970 raptim,
759 1907 851 1969 quibus

101 1980 205 2047 quisque
217 1989 322 2043 poterat,
342 1980 417 2041 eatis,
435 1995 510 2042 quum
524 1980 599 2028 larem
615 1997 643 2029 ac
658 1992 756 2046 penates
773 1981 850 2030 tesia·

102 2073 159 2124 que,
178 2052 304 2117 inquibus
320 2063 391 2103 natus
405 2054 506 2118 quisque
521 2054 683 2121 educatusque
693 2054 759 2120 esset,
775 2058 851 2106 telin·

103 2143 204 2199 quentes
213 2130 324 2179 exirent:
339 2130 391 2192 jam
403 2131 528 2180 continens
537 2146 624 2195 agmen
632 2133 790 2196 migrantium
800 2135 850 2184 im·

103 2211 214 2277 pleverat
224 2207 291 2256 vias:
310 2207 335 2256 ἃ
349 2205 493 2274 conspedlus·
502 2207 605 2258 aliorum
616 2210 701 2258 mutui
712 2209 848 2272 miseratio-

104 2301 135 2335 ne
147 2283 282 2346 integrabat
291 2283 416 2332 lacrimas:
434 2283 557 2349 vocesque
568 2285 641 2335 etiam
649 2286 794 2337 miserabiles
802 2303 851 2339 ex-

105 2359 279 2417 audiebantur3
295 2358 426 2406 mulierum
437 2361 566 2425 praecipue,
583 2376 659 2425 quum
669 2361 761 2413 obsessa
772 2364 802 2412 ab
812 2378 848 2412 ar*

104 2436 177 2484 matis
185 2435 275 2500 templa
283 2435 381 2498 augusta
389 2436 546 2499 praetetirent,
563 2453 593 2485 ac
604 2438 674 2488 velut
680 2450 770 2506 captos
775 2441 849 2488 relin-

106 2522 208 2576 querent
219 2514 294 2560 Deos.
329 2510 428 2574 Egreslis
436 2512 522 2561 urbem
538 2514 644 2578 Albanis,
655 2519 779 2566 Romanus
794 2514 849 2581 pas-

105 2585 150 2634 srm
162 2586 259 2651 publiea
275 2585 420 2652 privataque
439 2588 523 2636 omnia
541 2587 602 2638 tetta
615 2591 726 2656 adaequat
742 2591 802 2653 solo,
819 2604 849 2638 u·

106 2676 192 2724 traque
206 2662 267 2710 hora
285 2661 518 2726 quadringentorum
535 2680 654 2715 annorum
674 2681 744 2732 opus,
761 2666 850 2730 quibus

106 2737 172 2784 Alba
185 2736 289 2800 steteratf
299 2737 401 2787 excidio
408 2756 436 2787 ac
451 2742 526 2789 ruinis
537 2741 612 2790 dedit.
647 2743 758 2806 Templis
767 2751 851 2791 tamen
865 2736 870 2743 ’

107 2812 190 2868 Derim
199 2812 242 2872 (ita
251 2813 315 2863 enirn
324 2815 428 2864 edidlum
437 2817 469 2864 ab
477 2831 533 2878 rege
542 2817 629 2883 suerat)
639 2827 799 2882 temperatum
807 2817 849 2865 esta

142 2891 227 2935 XXX.
246 2892 325 2938 Roma
336 2892 435 2940 interim
444 2890 528 2938 crescit
539 2892 607 2940 Albae
617 2892 702 2940 ruinis.
715 2893 850 2960 duplicatur

108 2962 204 3013 cisium
220 2978 342 3018 numerus.
378 2964 574 3017 coeliusadditui
582 2967 638 3019 urbi
653 2986 737 3022 monet
756 2972 788 3033 &,
801 2976 852 3037 quo

435 3043 458 3094 B
472 3046 494 3092 6
615 3046 617 3050 '
740 3047 854 3117 frequenta
