1964 3660
323 236 347 288 L
364 237 377 288 1
394 238 412 287 Β
430 227 491 288 ER
524 231 574 287 111.
769 247 819 294 ατς

68 323 152 391 Jeme:
169 337 252 392 agrum,
270 322 296 372 de
306 340 344 390 quo
354 323 479 390 ambigitur,
492 324 571 388 finium
583 322 739 372 Coriolanorum
746 320 820 389 fmffi,

73 404 180 469 captisque
191 391 286 465 Coriolit,
294 402 349 465 vjure
364 401 412 451 lelli
420 403 528 467 pullicum
541 400 717 466 populillomani
722 400 819 465 sallum.

74 479 166 526 Mirari
171 480 205 544 se,
221 492 378 543 quonam‘more
389 477 498 526 Ardeates
510 476 642 541 Aricinique,
659 475 716 538 cujus
728 475 822 540 agrijut

74 554 341 620 nunqnamusurpavtriut
352 554 449 602 incolumi
465 553 575 603 Coriolani
585 568 616 614 re,
626 569 680 617 venm
686 552 712 616 se
722 553 738 598 d
745 544 823 617 populo

75 633 178 693 Romano,
190 646 251 697 quem
259 641 300 696 pro
308 630 490 695 dominojudioem
496 629 599 694 feceriut,
611 631 763 694 intercepturos
767 631 821 696 spe-

74 716 132 756 tent.
165 705 213 756 Sibi
230 709 328 774 exiguum
344 708 395 756 vita
410 714 492 772 tempus
506 704 627 771 finpeteffe:
644 722 683 753 non
699 704 827 772 poluiffefi

76 792 149 835 tamen
159 785 255 833 inducere
265 785 287 832 in
297 785 400 846 animum,
416 783 473 850 quin,
489 798 549 848 quem
563 798 639 847 agrum
649 780 710 829 miles
718 793 758 847 pra
766 793 822 847 pat-

76 869 100 911 τε
110 861 173 910 uirili
189 866 254 910 manu
268 859 358 928 ceptffet,
372 875 422 910 eum
427 861 493 926 senex
506 875 581 924 quoqne
596 873 654 918 voce,
672 857 713 921 qud
724 861 765 908 und
773 861 823 926 pof-

70 939 117 1002 set,
127 938 258 988 vindicaret.
292 936 558 1004 Magnoperefltsnadere
564 933 650 1001 populo,
667 949 693 982 ne
703 934 773 983 inutili
780 947 825 1001 pn·

75 1015 195 1081 dorestaom
207 1016 251 1082 ipse
262 1017 345 1081 oausam
356 1015 475 1063 damnaret.
555 1070 557 1073 ¹
611 1059 614 1065 .

78 1152 80 1156 Ι
111 1094 222 1140 LXXII.
242 1090 357 1142 Consules
369 1106 445 1156 quum
462 1089 585 1158 Scaptium
595 1103 646 1139 non
664 1086 759 1138 silentio
769 1103 824 1140 mo·

77 1167 119 1230 da,
137 1166 177 1217 sed
196 1183 252 1218 cum
271 1167 362 1218 assensu
382 1169 465 1230 etiam,
490 1164 569 1214 audiri
591 1164 824 1232 animadvertissent,

79 1247 147 1295 Deos
158 1243 316 1310 hominesque
333 1245 443 1294 testantes
461 1244 582 1308 flagitium
601 1243 687 1307 ingens
698 1243 759 1307 fieri,
778 1246 826 1294 Pa·

11 1347 21 1361 -·
76 1330 145 1371 trum
157 1323 275 1389 primores
291 1321 418 1372 arcessunt.
441 1309 545 1387 cuminis
560 1320 688 1370 circumire
705 1321 826 1386 tribunos,

79 1412 158 1461 orare,
178 1402 218 1447 Ne
226 1399 336 1464 pefflmnm
342 1398 430 1462 facinus
446 1399 519 1463 pejore
535 1396 629 1461 exempla
639 1397 775 1445 admitterent
785 1397 826 1459 jn·

76 1473 143 1536 dices,
161 1475 183 1523 in
192 1476 256 1540 suam
266 1490 313 1523 rem
324 1474 383 1524 litem
400 1473 511 1535 vertendo,
527 1489 589 1539 quum
602 1473 728 1538 prasertim,
745 1471 829 1538 ttiomfi
924 1536 928 1541 Ι

73 1550 116 1614 fas
121 1549 159 1614 fit,
175 1566 247 1599 cutam
258 1551 388 1599 emolumenti
394 1551 431 1616 sni
432 1549 504 1614 judici
516 1547 561 1612 effe,
569 1565 694 1614 nequaquam
705 1557 788 1598 tantum
801 1566 827 1597 a·

10 1641 119 1716 “ro
130 1625 277 1689 intercipiendo
288 1626 416 1689 acquiratur,
432 1634 532 1690 qnantum
545 1623 658 1671 amittatur
667 1622 782 1673 alienandis
791 1624 827 1674 ia·

74 1701 138 1764 jurid
143 1700 249 1764 Jociormn
257 1700 343 1749 animis.
362 1703 426 1747 Nam
432 1699 500 1762 fama
507 1697 589 1763 quidem
599 1713 624 1745 aa
629 1698 683 1760 fidei
694 1698 771 1748 damna
782 1716 828 1749 ma·

75 1777 128 1841 jora
139 1774 185 1840 effi',
200 1778 265 1841 quim
275 1790 316 1842 quo
326 1774 423 1838 nstimati
431 1771 520 1840 paffent.
543 1773 591 1821 Hoc
602 1771 680 1838 legatos
695 1775 779 1838 referre
789 1776 827 1826 do·

82 1870 159 1902 mum:
177 1850 213 1900 hoa
228 1851 332 1918 uulgari:
349 1849 385 1899 loa
396 1851 462 1914 socios
476 1849 568 1896 audire:
584 1847 621 1896 hoa
632 1846 706 1909 hostes.
731 1867 770 1916 quo
780 1868 829 1900 cmm

79 1928 151 1978 dolore
161 1925 219 1975 ios?
243 1940 281 1991 qna
291 1940 338 1973 eum
345 1924 423 1991 gaudio
439 1923 504 1971 illos?
528 1923 639 1986 Scaptione
656 1921 700 1985 loc,
716 1916 830 1981 eonoiouall
846 1981 851 1990 „

75 2004 133 2071 seni,
145 2003 281 2069 affigunturos
289 2008 392 2067 putarent
397 1999 502 2064 finitimas
511 1997 618 2063 populos?
636 1998 722 2048 Clarum
733 2001 771 2050 lule
777 2003 832 2066 sore

14 2081 18 2091 '
81 2079 174 2146 imagine
186 2079 313 2144 Scaptium:
328 2077 429 2144 populum
439 2077 558 2124 Romanum
572 2075 739 2143 quadruplatoris
756 2080 782 2129 da
794 2080 830 2128 in.

81 2154 206 2220 teroeptoris
216 2153 260 2203 litis
271 2154 342 2203 aliena
350 2154 460 2219 personam
470 2151 572 2200 laturum.
595 2168 655 2218 quem
664 2154 721 2202 enim
731 2153 769 2204 hoa
777 2156 830 2221 pri·

83 2239 141 2278 voto
156 2236 190 2277 tei
198 2229 294 2292 judicem
305 2226 388 2294 featffe,
403 2236 427 2279 nt
438 2225 480 2292 stoi
498 2227 683 2293 controuenfiosam
699 2229 831 2293 atlJ'udt'caret

83 2309 153 2374 uem?
169 2309 279 2374 Scaptium
296 2309 364 2374 ipsum
376 2305 399 2355 id
410 2305 512 2377 quidem,
520 2303 558 2369 etſs
564 2307 686 2372 pramortui
691 2307 742 2370 jam
747 2307 779 2372 fit
784 2319 830 2375 pu.

83 2385 149 2448 doris,
166 2386 332 2449 mafallnrum.
366 2387 425 2435 Haec
443 2381 559 2444 consules,
576 2382 629 2432 haec
640 2386 721 2435 Patres
732 2383 831 2436 vocife-

84 2472 178 2514 rantur.
196 2460 237 2511 sed
254 2463 307 2526 plus
318 2459 437 2527 cupiditas
454 2461 479 2509 u
491 2457 576 2509 auilor
586 2462 726 2529 cupiditatis
738 2451 837 2528 Scapti?

78 2553 112 2589 us
124 2539 200 2588 valet.
235 2543 337 2596 Vocatae
354 2538 432 2586 tribus
447 2526 630 2604 judicaverunt,
647 2553 737 2602 agrum
748 2538 830 2603 publi.

85 2631 143 2666 cum
160 2615 246 2683 populi
262 2613 369 2663 Romani
384 2609 441 2660 effe.
476 2612 529 2660 Nec
544 2605 660 2665 abnuitur
673 2615 707 2663 ita
718 2612 796 2676 fuisse,
812 2612 833 2665 li

85 2690 221 2754 adjudices
233 2691 293 2741 alios
304 2692 366 2739 itum
377 2687 458 2738 soret:
476 2703 540 2738 nunc
551 2690 618 2740 haud
632 2691 687 2740 faui
700 2690 834 2755 quicquam

82 2767 156 2818 bono
165 2767 351 2817 causmlevatur
360 2756 565 2826 dedecusjudicii.
583 2766 657 2831 idque
665 2782 715 2816 non
725 2767 834 2820 Aricinis

88 2843 292 2909 Ardeatibusque,
310 2848 383 2913 quim
396 2840 508 2891 Patribus
518 2843 643 2906 Romanis,
660 2841 746 2910 foedius
757 2853 837 2908 atque
860 2898 864 2907 ι

88 2920 199 2972 acerbius
219 2920 308 2970 visum.
342 2917 475 2983 Reliquum
491 2919 549 2971 anni
567 2920 679 2989 quietum
690 2916 722 2968 ab
733 2919 833 2970 urbanis

84 2994 399 3055 attubusuabextunie
409 2993 506 3052 muniit.
552 3051 555 3055 .

664 3029 832 3136 niati
