<?xml version="1.0" encoding="UTF-8"?>
<!DOCTYPE html PUBLIC "-//W3C//DTD XHTML 1.0 Transitional//EN"
    "http://www.w3.org/TR/xhtml1/DTD/xhtml1-transitional.dtd">
<html xmlns="http://www.w3.org/1999/xhtml" xml:lang="en" lang="en">
 <head>
  <title>
</title>
<meta http-equiv="Content-Type" content="text/html;charset=utf-8" />
  <meta name='ocr-system' content='tesseract 3.04.00' />
  <meta name='ocr-capabilities' content='ocr_page ocr_carea ocr_par ocr_line ocrx_word'/>
</head>
<body>
  <div class='ocr_page' id='page_1' title='image "./titiliviipatavi00livygoog_0145.png"; bbox 0 0 1964 3660; ppageno 0'>
   <div class='ocr_carea' id='block_1_1' title="bbox 115 102 609 191">
    <p class='ocr_par' dir='ltr' id='par_1_1' title="bbox 115 102 609 191">
     <span class='ocr_line' id='line_1_1' title="bbox 115 102 609 191; baseline -0.006 -4"><span class='ocrx_word' id='word_1_1' title='bbox 115 142 161 191; x_wconf 76' lang='lat' dir='ltr'>mr</span> <span class='ocrx_word' id='word_1_2' title='bbox 301 102 305 109; x_wconf 41' lang='grc'><strong>“</strong></span> <span class='ocrx_word' id='word_1_3' title='bbox 381 131 417 180; x_wconf 84' lang='grc' dir='ltr'>τ.</span> <span class='ocrx_word' id='word_1_4' title='bbox 452 128 609 184; x_wconf 75' lang='lat' dir='ltr'>Livtt</span> 
     </span>
    </p>
   </div>
   <div class='ocr_carea' id='block_1_2' title="bbox 87 206 893 3024">
    <p class='ocr_par' dir='ltr' id='par_1_2' title="bbox 87 206 893 3024">
     <span class='ocr_line' id='line_1_2' title="bbox 112 206 857 286; baseline 0.011 -22"><span class='ocrx_word' id='word_1_5' title='bbox 112 225 229 282; x_wconf 77' lang='lat' dir='ltr'>quentrm</span> <span class='ocrx_word' id='word_1_6' title='bbox 242 214 308 268; x_wconf 87' lang='lat' dir='ltr'>diem</span> <span class='ocrx_word' id='word_1_7' title='bbox 327 220 485 284; x_wconf 79' lang='lat' dir='ltr'>pronunciari</span> <span class='ocrx_word' id='word_1_8' title='bbox 496 235 573 284; x_wconf 85' lang='lat' dir='ltr'>quum</span> <span class='ocrx_word' id='word_1_9' title='bbox 581 206 688 284; x_wconf 78' lang='lat' dir='ltr'>juiissct,</span> <span class='ocrx_word' id='word_1_10' title='bbox 698 217 785 286; x_wconf 13' lang='lat' dir='ltr'>*primi</span> <span class='ocrx_word' id='word_1_11' title='bbox 800 221 857 272; x_wconf 82' lang='lat' dir='ltr'>luce</span> 
     </span>
     <span class='ocr_line' id='line_1_3' title="bbox 113 291 857 360; baseline 0.004 -18"><span class='ocrx_word' id='word_1_12' title='bbox 113 291 208 355; x_wconf 79' lang='lat' dir='ltr'>¹claiiico</span> <span class='ocrx_word' id='word_1_13' title='bbox 219 291 312 354; x_wconf 86' lang='lat' dir='ltr'>iignum</span> <span class='ocrx_word' id='word_1_14' title='bbox 323 293 481 359; x_wconf 67' lang='lat' dir='ltr'>profestionis</span> <span class='ocrx_word' id='word_1_15' title='bbox 492 295 568 344; x_wconf 86' lang='lat' dir='ltr'>dedit.</span> <span class='ocrx_word' id='word_1_16' title='bbox 597 299 682 357; x_wconf 79' lang='lat' dir='ltr'>Quum</span> <span class='ocrx_word' id='word_1_17' title='bbox 693 298 801 345; x_wconf 68' lang='lat' dir='ltr'>maximi</span> <span class='ocrx_word' id='word_1_18' title='bbox 812 312 857 360; x_wconf 84' lang='lat' dir='ltr'>ag-</span> 
     </span>
     <span class='ocr_line' id='line_1_4' title="bbox 112 367 857 434; baseline 0.012 -21"><span class='ocrx_word' id='word_1_19' title='bbox 112 381 171 433; x_wconf 80' lang='lat' dir='ltr'>men</span> <span class='ocrx_word' id='word_1_20' title='bbox 182 369 195 414; x_wconf 83' lang='grc' dir='ltr'><strong>ὲ</strong></span> <span class='ocrx_word' id='word_1_21' title='bbox 206 367 285 427; x_wconf 75' lang='lat' dir='ltr'>castris</span> <span class='ocrx_word' id='word_1_22' title='bbox 297 368 468 434; x_wconf 56' lang='lat' dir='ltr'>explicaretur,</span> <span class='ocrx_word' id='word_1_23' title='bbox 486 369 578 433; x_wconf 87' lang='lat' dir='ltr'>Volsci,</span> <span class='ocrx_word' id='word_1_24' title='bbox 595 381 624 418; x_wconf 90' lang='lat' dir='ltr'>ut</span> <span class='ocrx_word' id='word_1_25' title='bbox 635 370 723 420; x_wconf 88' lang='lat' dir='ltr'>eodem</span> <span class='ocrx_word' id='word_1_26' title='bbox 734 370 802 434; x_wconf 81' lang='lat' dir='ltr'>signo</span> <span class='ocrx_word' id='word_1_27' title='bbox 813 387 857 422; x_wconf 84' lang='lat' dir='ltr'>ex-</span> 
     </span>
     <span class='ocr_line' id='line_1_5' title="bbox 113 443 856 514; baseline 0.008 -23"><span class='ocrx_word' id='word_1_28' title='bbox 113 443 192 506; x_wconf 81' lang='lat' dir='ltr'>citati,</span> <span class='ocrx_word' id='word_1_29' title='bbox 203 443 345 497; x_wconf 80' lang='lat' dir='ltr'>noviffimos</span> <span class='ocrx_word' id='word_1_30' title='bbox 354 446 510 505; x_wconf 77' lang='lat' dir='ltr'>adoriuntur.</span> <span class='ocrx_word' id='word_1_31' title='bbox 519 451 542 497; x_wconf 86' lang='lat' dir='ltr'>A</span> <span class='ocrx_word' id='word_1_32' title='bbox 551 447 639 511; x_wconf 87' lang='lat' dir='ltr'>quibus</span> <span class='ocrx_word' id='word_1_33' title='bbox 648 449 752 513; x_wconf 87' lang='lat' dir='ltr'>perlatus</span> <span class='ocrx_word' id='word_1_34' title='bbox 763 448 794 496; x_wconf 86' lang='lat' dir='ltr'>ad</span> <span class='ocrx_word' id='word_1_35' title='bbox 805 448 856 514; x_wconf 88' lang='lat' dir='ltr'>pri-</span> 
     </span>
     <span class='ocr_line' id='line_1_6' title="bbox 112 515 856 589; baseline 0.007 -22"><span class='ocrx_word' id='word_1_36' title='bbox 112 533 168 568; x_wconf 87' lang='lat' dir='ltr'>mos</span> <span class='ocrx_word' id='word_1_37' title='bbox 180 520 306 584; x_wconf 82' lang='lat' dir='ltr'>tumultur,</span> <span class='ocrx_word' id='word_1_38' title='bbox 315 537 347 571; x_wconf 90' lang='lat' dir='ltr'>eo</span> <span class='ocrx_word' id='word_1_39' title='bbox 358 537 453 589; x_wconf 86' lang='lat' dir='ltr'>pavore</span> <span class='ocrx_word' id='word_1_40' title='bbox 464 522 579 587; x_wconf 77' lang='lat' dir='ltr'>lignaque</span> <span class='ocrx_word' id='word_1_41' title='bbox 590 523 615 572; x_wconf 74' lang='grc' dir='ltr'>ἃ</span> <span class='ocrx_word' id='word_1_42' title='bbox 626 524 723 573; x_wconf 86' lang='lat' dir='ltr'>ordines</span> <span class='ocrx_word' id='word_1_43' title='bbox 734 515 856 588; x_wconf 72' lang='lat' dir='ltr'>turbavit,</span> 
     </span>
     <span class='ocr_line' id='line_1_7' title="bbox 112 583 856 666; baseline 0.005 -22"><span class='ocrx_word' id='word_1_44' title='bbox 112 607 142 644; x_wconf 91' lang='lat' dir='ltr'>ut</span> <span class='ocrx_word' id='word_1_45' title='bbox 152 611 232 663; x_wconf 85' lang='lat' dir='ltr'>neque</span> <span class='ocrx_word' id='word_1_46' title='bbox 242 598 345 666; x_wconf 81' lang='lat' dir='ltr'>imperia</span> <span class='ocrx_word' id='word_1_47' title='bbox 356 599 477 663; x_wconf 84' lang='lat' dir='ltr'>exaudiri,</span> <span class='ocrx_word' id='word_1_48' title='bbox 493 614 573 666; x_wconf 87' lang='lat' dir='ltr'>neque</span> <span class='ocrx_word' id='word_1_49' title='bbox 583 583 740 650; x_wconf 67' lang='lat' dir='ltr'>instrusacies</span> <span class='ocrx_word' id='word_1_50' title='bbox 751 597 856 666; x_wconf 82' lang='lat' dir='ltr'>poss&#39;ent.</span> 
     </span>
     <span class='ocr_line' id='line_1_8' title="bbox 87 673 858 744; baseline 0.004 -21"><span class='ocrx_word' id='word_1_51' title='bbox 87 686 89 691; x_wconf 82' lang='grc'><strong><em>’</em></strong></span> <span class='ocrx_word' id='word_1_52' title='bbox 112 685 187 723; x_wconf 84' lang='lat' dir='ltr'>nemo</span> <span class='ocrx_word' id='word_1_53' title='bbox 198 673 278 738; x_wconf 86' lang='lat' dir='ltr'>ullius,</span> <span class='ocrx_word' id='word_1_54' title='bbox 293 675 338 725; x_wconf 80' lang='lat' dir='ltr'>nist</span> <span class='ocrx_word' id='word_1_55' title='bbox 349 675 421 740; x_wconf 85' lang='lat' dir='ltr'>sugae,</span> <span class='ocrx_word' id='word_1_56' title='bbox 430 691 543 733; x_wconf 78' lang='lat' dir='ltr'>memor.</span> <span class='ocrx_word' id='word_1_57' title='bbox 566 679 605 724; x_wconf 89' lang='lat' dir='ltr'>Ita</span> <span class='ocrx_word' id='word_1_58' title='bbox 616 675 692 726; x_wconf 77' lang='lat' dir='ltr'>effuso</span> <span class='ocrx_word' id='word_1_59' title='bbox 703 677 808 740; x_wconf 75' lang='lat' dir='ltr'>agmine</span> <span class='ocrx_word' id='word_1_60' title='bbox 811 690 858 744; x_wconf 84' lang='lat' dir='ltr'>pet.</span> 
     </span>
     <span class='ocr_line' id='line_1_9' title="bbox 112 747 856 818; baseline 0.004 -20"><span class='ocrx_word' id='word_1_61' title='bbox 112 747 214 813; x_wconf 83' lang='lat' dir='ltr'>stragem</span> <span class='ocrx_word' id='word_1_62' title='bbox 229 766 363 818; x_wconf 86' lang='lat' dir='ltr'>corporum</span> <span class='ocrx_word' id='word_1_63' title='bbox 373 767 546 817; x_wconf 83' lang='lat' dir='ltr'>annorumque</span> <span class='ocrx_word' id='word_1_64' title='bbox 559 751 666 814; x_wconf 82' lang='lat' dir='ltr'>evasere,</span> <span class='ocrx_word' id='word_1_65' title='bbox 682 763 711 800; x_wconf 92' lang='lat' dir='ltr'>ut</span> <span class='ocrx_word' id='word_1_66' title='bbox 730 752 798 817; x_wconf 82' lang='lat' dir='ltr'>prius</span> <span class='ocrx_word' id='word_1_67' title='bbox 809 753 856 801; x_wconf 85' lang='lat' dir='ltr'>ho·</span> 
     </span>
     <span class='ocr_line' id='line_1_10' title="bbox 112 824 855 897; baseline 0.007 -24"><span class='ocrx_word' id='word_1_68' title='bbox 112 824 152 892; x_wconf 75' lang='lat' dir='ltr'>iiis</span> <span class='ocrx_word' id='word_1_69' title='bbox 164 825 282 896; x_wconf 80' lang='lat' dir='ltr'>desisteret</span> <span class='ocrx_word' id='word_1_70' title='bbox 295 826 371 893; x_wconf 83' lang='lat' dir='ltr'>sequi,</span> <span class='ocrx_word' id='word_1_71' title='bbox 389 834 463 895; x_wconf 74' lang='lat' dir='ltr'>quam</span> <span class='ocrx_word' id='word_1_72' title='bbox 473 832 600 879; x_wconf 85' lang='lat' dir='ltr'>Romanus</span> <span class='ocrx_word' id='word_1_73' title='bbox 609 827 704 897; x_wconf 70' lang='lat' dir='ltr'>sugerq.</span> <span class='ocrx_word' id='word_1_74' title='bbox 731 828 855 892; x_wconf 83' lang='lat' dir='ltr'>Tandem,</span> 
     </span>
     <span class='ocr_line' id='line_1_11' title="bbox 113 900 855 971; baseline 0.001 -19"><span class='ocrx_word' id='word_1_75' title='bbox 113 900 219 952; x_wconf 71' lang='lat' dir='ltr'>collectis</span> <span class='ocrx_word' id='word_1_76' title='bbox 226 916 263 955; x_wconf 83' lang='lat' dir='ltr'>‘ex</span> <span class='ocrx_word' id='word_1_77' title='bbox 273 901 384 971; x_wconf 83' lang='lat' dir='ltr'>diffipato</span> <span class='ocrx_word' id='word_1_78' title='bbox 396 903 467 955; x_wconf 89' lang='lat' dir='ltr'>cursu</span> <span class='ocrx_word' id='word_1_79' title='bbox 477 901 606 968; x_wconf 81' lang='lat' dir='ltr'>militibus,</span> <span class='ocrx_word' id='word_1_80' title='bbox 619 903 712 969; x_wconf 85' lang='lat' dir='ltr'>consul,</span> <span class='ocrx_word' id='word_1_81' title='bbox 729 920 805 970; x_wconf 87' lang='lat' dir='ltr'>quum</span> <span class='ocrx_word' id='word_1_82' title='bbox 816 919 855 954; x_wconf 86' lang='lat' dir='ltr'>re·</span> 
     </span>
     <span class='ocr_line' id='line_1_12' title="bbox 112 979 856 1049; baseline 0.004 -21"><span class='ocrx_word' id='word_1_83' title='bbox 112 980 228 1043; x_wconf 60' lang='lat' dir='ltr'>iocando</span> <span class='ocrx_word' id='word_1_84' title='bbox 244 983 407 1046; x_wconf 78' lang='lat' dir='ltr'>nequicquam</span> <span class='ocrx_word' id='word_1_85' title='bbox 423 980 479 1032; x_wconf 84' lang='lat' dir='ltr'>suos</span> <span class='ocrx_word' id='word_1_86' title='bbox 493 979 630 1048; x_wconf 85' lang='lat' dir='ltr'>persecutus</span> <span class='ocrx_word' id='word_1_87' title='bbox 646 980 711 1043; x_wconf 77' lang='lat' dir='ltr'>esset,</span> <span class='ocrx_word' id='word_1_88' title='bbox 729 983 754 1030; x_wconf 92' lang='lat' dir='ltr'>in</span> <span class='ocrx_word' id='word_1_89' title='bbox 766 991 856 1049; x_wconf 83' lang='lat' dir='ltr'>pacato</span> 
     </span>
     <span class='ocr_line' id='line_1_13' title="bbox 112 1056 854 1123; baseline 0.004 -18"><span class='ocrx_word' id='word_1_90' title='bbox 112 1072 174 1119; x_wconf 86' lang='lat' dir='ltr'>agro</span> <span class='ocrx_word' id='word_1_91' title='bbox 194 1058 269 1107; x_wconf 82' lang='lat' dir='ltr'>castra</span> <span class='ocrx_word' id='word_1_92' title='bbox 286 1057 384 1123; x_wconf 85' lang='lat' dir='ltr'>posuit;</span> <span class='ocrx_word' id='word_1_93' title='bbox 407 1057 575 1123; x_wconf 69' lang='lat' dir='ltr'>advocatique</span> <span class='ocrx_word' id='word_1_94' title='bbox 596 1056 725 1120; x_wconf 81' lang='lat' dir='ltr'>concione,</span> <span class='ocrx_word' id='word_1_95' title='bbox 743 1056 854 1108; x_wconf 77' lang='lat' dir='ltr'>invetiur</span> 
     </span>
     <span class='ocr_line' id='line_1_14' title="bbox 112 1133 854 1203; baseline 0.001 -20"><span class='ocrx_word' id='word_1_96' title='bbox 112 1133 178 1185; x_wconf 80' lang='lat' dir='ltr'>haud</span> <span class='ocrx_word' id='word_1_97' title='bbox 189 1133 249 1182; x_wconf 80' lang='lat' dir='ltr'>faisd</span> <span class='ocrx_word' id='word_1_98' title='bbox 268 1134 293 1182; x_wconf 89' lang='lat' dir='ltr'>in</span> <span class='ocrx_word' id='word_1_99' title='bbox 304 1133 613 1203; x_wconf 14' lang='lat' dir='ltr'>proditoremkcxercitum</span> <span class='ocrx_word' id='word_1_100' title='bbox 626 1134 737 1185; x_wconf 78' lang='lat' dir='ltr'>militarit</span> <span class='ocrx_word' id='word_1_101' title='bbox 748 1134 854 1200; x_wconf 83' lang='lat' dir='ltr'>discipli·</span> 
     </span>
     <span class='ocr_line' id='line_1_15' title="bbox 112 1207 856 1276; baseline -0.001 -17"><span class='ocrx_word' id='word_1_102' title='bbox 112 1222 158 1271; x_wconf 81' lang='lat' dir='ltr'>11ae,</span> <span class='ocrx_word' id='word_1_103' title='bbox 176 1207 323 1259; x_wconf 84' lang='lat' dir='ltr'>desertorem</span> <span class='ocrx_word' id='word_1_104' title='bbox 334 1209 475 1274; x_wconf 67' lang='lat' dir='ltr'>signorum</span> <span class='ocrx_word' id='word_1_105' title='bbox 489 1211 532 1266; x_wconf 83' lang='lat' dir='ltr'>ubi</span> <span class='ocrx_word' id='word_1_106' title='bbox 549 1211 623 1276; x_wconf 73' lang='lat' dir='ltr'>figna,</span> <span class='ocrx_word' id='word_1_107' title='bbox 639 1211 683 1261; x_wconf 89' lang='lat' dir='ltr'>ubi</span> <span class='ocrx_word' id='word_1_108' title='bbox 694 1227 760 1261; x_wconf 85' lang='lat' dir='ltr'>anna</span> <span class='ocrx_word' id='word_1_109' title='bbox 772 1209 856 1275; x_wconf 70' lang='lat' dir='ltr'>eisem,</span> 
     </span>
     <span class='ocr_line' id='line_1_16' title="bbox 112 1284 854 1352; baseline 0.003 -18"><span class='ocrx_word' id='word_1_110' title='bbox 112 1284 218 1349; x_wconf 70' lang='lat' dir='ltr'>inguine</span> <span class='ocrx_word' id='word_1_111' title='bbox 235 1285 350 1349; x_wconf 75' lang='lat' dir='ltr'>rogitans,</span> <span class='ocrx_word' id='word_1_112' title='bbox 368 1286 471 1337; x_wconf 84' lang='lat' dir='ltr'>inermes</span> <span class='ocrx_word' id='word_1_113' title='bbox 488 1289 585 1352; x_wconf 78' lang='lat' dir='ltr'>milites,</span> <span class='ocrx_word' id='word_1_114' title='bbox 602 1287 670 1352; x_wconf 74' lang='lat' dir='ltr'>signo</span> <span class='ocrx_word' id='word_1_115' title='bbox 687 1285 770 1337; x_wconf 79' lang='lat' dir='ltr'>amiss&#39;o</span> <span class='ocrx_word' id='word_1_116' title='bbox 781 1286 854 1351; x_wconf 58' lang='lat' dir='ltr'>fignie</span> 
     </span>
     <span class='ocr_line' id='line_1_17' title="bbox 112 1361 856 1430; baseline 0 -17"><span class='ocrx_word' id='word_1_117' title='bbox 112 1361 194 1420; x_wconf 82' lang='lat' dir='ltr'>feros;</span> <span class='ocrx_word' id='word_1_118' title='bbox 211 1362 242 1414; x_wconf 88' lang='lat' dir='ltr'>ad</span> <span class='ocrx_word' id='word_1_119' title='bbox 253 1362 301 1414; x_wconf 86' lang='lat' dir='ltr'>hoc</span> <span class='ocrx_word' id='word_1_120' title='bbox 312 1365 465 1412; x_wconf 82' lang='lat' dir='ltr'>centuriones</span> <span class='ocrx_word' id='word_1_121' title='bbox 477 1364 682 1430; x_wconf 81' lang='lat' dir='ltr'>duplicariosque,</span> <span class='ocrx_word' id='word_1_122' title='bbox 699 1364 856 1430; x_wconf 87' lang='lat' dir='ltr'>quirelique·</span> 
     </span>
     <span class='ocr_line' id='line_1_18' title="bbox 112 1433 853 1507; baseline 0.004 -19"><span class='ocrx_word' id='word_1_123' title='bbox 112 1448 168 1488; x_wconf 88' lang='lat' dir='ltr'>rant</span> <span class='ocrx_word' id='word_1_124' title='bbox 179 1438 283 1504; x_wconf 81' lang='lat' dir='ltr'>ordines,</span> <span class='ocrx_word' id='word_1_125' title='bbox 300 1440 376 1503; x_wconf 82' lang='lat' dir='ltr'>virgis</span> <span class='ocrx_word' id='word_1_126' title='bbox 387 1439 459 1490; x_wconf 82' lang='lat' dir='ltr'>caesos</span> <span class='ocrx_word' id='word_1_127' title='bbox 470 1433 548 1492; x_wconf 71' lang='lat' dir='ltr'>[eccui</span> <span class='ocrx_word' id='word_1_128' title='bbox 559 1441 678 1507; x_wconf 84' lang='lat' dir='ltr'>percuffit.</span> <span class='ocrx_word' id='word_1_129' title='bbox 699 1451 779 1491; x_wconf 87' lang='lat' dir='ltr'>cetera</span> <span class='ocrx_word' id='word_1_130' title='bbox 789 1441 853 1491; x_wconf 84' lang='lat' dir='ltr'>mul·</span> 
     </span>
     <span class='ocr_line' id='line_1_19' title="bbox 114 1513 808 1582; baseline 0.009 -18"><span class='ocrx_word' id='word_1_131' title='bbox 114 1513 196 1566; x_wconf 84' lang='lat' dir='ltr'>titudo</span> <span class='ocrx_word' id='word_1_132' title='bbox 207 1515 271 1564; x_wconf 83' lang='lat' dir='ltr'>sorte</span> <span class='ocrx_word' id='word_1_133' title='bbox 282 1514 390 1566; x_wconf 84' lang='lat' dir='ltr'>decimus</span> <span class='ocrx_word' id='word_1_134' title='bbox 401 1515 502 1582; x_wconf 88' lang='lat' dir='ltr'>quisque</span> <span class='ocrx_word' id='word_1_135' title='bbox 513 1515 544 1568; x_wconf 86' lang='lat' dir='ltr'>ad</span> <span class='ocrx_word' id='word_1_136' title='bbox 555 1516 701 1582; x_wconf 89' lang='lat' dir='ltr'>supplicium</span> <span class='ocrx_word' id='word_1_137' title='bbox 711 1516 777 1566; x_wconf 79' lang='lat' dir='ltr'>letti.</span> <span class='ocrx_word' id='word_1_138' title='bbox 806 1566 808 1570; x_wconf 91' lang='lat'>.</span> 
     </span>
     <span class='ocr_line' id='line_1_20' title="bbox 146 1590 855 1661; baseline 0.004 -19"><span class='ocrx_word' id='word_1_139' title='bbox 146 1593 203 1642; x_wconf 91' lang='lat' dir='ltr'>LX.</span> <span class='ocrx_word' id='word_1_140' title='bbox 213 1594 306 1640; x_wconf 82' lang='lat' dir='ltr'>Contra</span> <span class='ocrx_word' id='word_1_141' title='bbox 317 1605 353 1655; x_wconf 86' lang='lat' dir='ltr'>ea,</span> <span class='ocrx_word' id='word_1_142' title='bbox 368 1593 394 1641; x_wconf 89' lang='lat' dir='ltr'>in</span> <span class='ocrx_word' id='word_1_143' title='bbox 406 1593 491 1661; x_wconf 82' lang='lat' dir='ltr'>AEquis</span> <span class='ocrx_word' id='word_1_144' title='bbox 502 1593 566 1644; x_wconf 84' lang='lat' dir='ltr'>inter</span> <span class='ocrx_word' id='word_1_145' title='bbox 576 1592 700 1644; x_wconf 88' lang='lat' dir='ltr'>consulem</span> <span class='ocrx_word' id='word_1_146' title='bbox 711 1609 740 1643; x_wconf 90' lang='lat' dir='ltr'>ac</span> <span class='ocrx_word' id='word_1_147' title='bbox 749 1590 855 1645; x_wconf 83' lang='lat' dir='ltr'>militem</span> 
     </span>
     <span class='ocr_line' id='line_1_21' title="bbox 112 1665 863 1732; baseline 0.001 -14"><span class='ocrx_word' id='word_1_148' title='bbox 112 1668 229 1718; x_wconf 87' lang='lat' dir='ltr'>comitate</span> <span class='ocrx_word' id='word_1_149' title='bbox 243 1683 271 1717; x_wconf 92' lang='lat' dir='ltr'>ac</span> <span class='ocrx_word' id='word_1_150' title='bbox 289 1667 415 1718; x_wconf 80' lang='lat' dir='ltr'>beneficiis</span> <span class='ocrx_word' id='word_1_151' title='bbox 432 1669 604 1722; x_wconf 84' lang='lat' dir='ltr'>certatumeii.</span> <span class='ocrx_word' id='word_1_152' title='bbox 639 1669 666 1721; x_wconf 68' lang='grc' dir='ltr'><strong>ἃ</strong></span> <span class='ocrx_word' id='word_1_153' title='bbox 674 1670 761 1725; x_wconf 73' lang='lat' dir='ltr'>natuti</span> <span class='ocrx_word' id='word_1_154' title='bbox 773 1665 863 1732; x_wconf 55' lang='lat' dir='ltr'>Quin?</span> 
     </span>
     <span class='ocr_line' id='line_1_22' title="bbox 114 1745 852 1812; baseline -0.001 -17"><span class='ocrx_word' id='word_1_155' title='bbox 114 1745 174 1795; x_wconf 79' lang='lat' dir='ltr'>ttius</span> <span class='ocrx_word' id='word_1_156' title='bbox 185 1757 237 1794; x_wconf 89' lang='lat' dir='ltr'>crat</span> <span class='ocrx_word' id='word_1_157' title='bbox 248 1746 336 1810; x_wconf 87' lang='lat' dir='ltr'>lenior,</span> <span class='ocrx_word' id='word_1_158' title='bbox 353 1746 378 1796; x_wconf 69' lang='grc' dir='ltr'>ἃ</span> <span class='ocrx_word' id='word_1_159' title='bbox 389 1745 483 1797; x_wconf 83' lang='lat' dir='ltr'>saevitia</span> <span class='ocrx_word' id='word_1_160' title='bbox 493 1746 581 1796; x_wconf 81' lang='lat' dir='ltr'>infelix</span> <span class='ocrx_word' id='word_1_161' title='bbox 592 1746 700 1812; x_wconf 75' lang='lat' dir='ltr'>college,</span> <span class='ocrx_word' id='word_1_162' title='bbox 709 1751 759 1812; x_wconf 76' lang='lat' dir='ltr'>qud</span> <span class='ocrx_word' id='word_1_163' title='bbox 770 1747 790 1797; x_wconf 87' lang='lat' dir='ltr'>is</span> <span class='ocrx_word' id='word_1_164' title='bbox 800 1761 852 1795; x_wconf 85' lang='lat' dir='ltr'>ma.-</span> 
     </span>
     <span class='ocr_line' id='line_1_23' title="bbox 112 1820 856 1888; baseline 0.003 -18"><span class='ocrx_word' id='word_1_165' title='bbox 112 1821 150 1886; x_wconf 87' lang='lat' dir='ltr'>gis</span> <span class='ocrx_word' id='word_1_166' title='bbox 161 1820 277 1886; x_wconf 84' lang='lat' dir='ltr'>gauderet</span> <span class='ocrx_word' id='word_1_167' title='bbox 296 1823 395 1888; x_wconf 87' lang='lat' dir='ltr'>ingenio</span> <span class='ocrx_word' id='word_1_168' title='bbox 407 1821 460 1886; x_wconf 90' lang='lat' dir='ltr'>suo,</span> <span class='ocrx_word' id='word_1_169' title='bbox 477 1821 598 1873; x_wconf 79' lang='lat' dir='ltr'>effecerat.</span> <span class='ocrx_word' id='word_1_170' title='bbox 632 1823 698 1873; x_wconf 82' lang='lat' dir='ltr'>Huic</span> <span class='ocrx_word' id='word_1_171' title='bbox 709 1834 782 1872; x_wconf 84' lang='lat' dir='ltr'>tantae</span> <span class='ocrx_word' id='word_1_172' title='bbox 794 1836 856 1884; x_wconf 80' lang='lat' dir='ltr'>con·</span> 
     </span>
     <span class='ocr_line' id='line_1_24' title="bbox 112 1890 854 1964; baseline -0.003 -16"><span class='ocrx_word' id='word_1_173' title='bbox 112 1898 203 1950; x_wconf 87' lang='lat' dir='ltr'>cordiae</span> <span class='ocrx_word' id='word_1_174' title='bbox 219 1898 287 1950; x_wconf 83' lang='lat' dir='ltr'>ducis</span> <span class='ocrx_word' id='word_1_175' title='bbox 304 1899 472 1964; x_wconf 65' lang='lat' dir='ltr'>exercitusque</span> <span class='ocrx_word' id='word_1_176' title='bbox 491 1914 543 1951; x_wconf 91' lang='lat' dir='ltr'>non</span> <span class='ocrx_word' id='word_1_177' title='bbox 560 1897 609 1948; x_wconf 80' lang='lat' dir='ltr'>ausi</span> <span class='ocrx_word' id='word_1_178' title='bbox 621 1890 710 1950; x_wconf 68' lang='lat' dir='ltr'>offerre</span> <span class='ocrx_word' id='word_1_179' title='bbox 728 1899 761 1964; x_wconf 86' lang='lat' dir='ltr'>se,</span> <span class='ocrx_word' id='word_1_180' title='bbox 778 1896 854 1964; x_wconf 83' lang='lat' dir='ltr'>AEqui</span> 
     </span>
     <span class='ocr_line' id='line_1_25' title="bbox 114 1972 856 2044; baseline -0.004 -20"><span class='ocrx_word' id='word_1_181' title='bbox 114 1977 199 2041; x_wconf 85' lang='lat' dir='ltr'>vagari</span> <span class='ocrx_word' id='word_1_182' title='bbox 210 1975 413 2044; x_wconf 79' lang='lat' dir='ltr'>populabundtmr</span> <span class='ocrx_word' id='word_1_183' title='bbox 424 1975 518 2025; x_wconf 84' lang='lat' dir='ltr'>hostem</span> <span class='ocrx_word' id='word_1_184' title='bbox 527 1990 572 2041; x_wconf 87' lang='lat' dir='ltr'>per</span> <span class='ocrx_word' id='word_1_185' title='bbox 581 1990 653 2041; x_wconf 88' lang='lat' dir='ltr'>agros</span> <span class='ocrx_word' id='word_1_186' title='bbox 664 1977 730 2044; x_wconf 84' lang='lat' dir='ltr'>paiii.</span> <span class='ocrx_word' id='word_1_187' title='bbox 755 1979 809 2026; x_wconf 87' lang='lat' dir='ltr'>Nee</span> <span class='ocrx_word' id='word_1_188' title='bbox 819 1972 856 2022; x_wconf 85' lang='lat' dir='ltr'>ul·</span> 
     </span>
     <span class='ocr_line' id='line_1_26' title="bbox 112 2051 854 2119; baseline -0.003 -14"><span class='ocrx_word' id='word_1_189' title='bbox 112 2055 138 2112; x_wconf 86' lang='lat' dir='ltr'>lo</span> <span class='ocrx_word' id='word_1_190' title='bbox 150 2058 205 2104; x_wconf 75' lang='lat' dir='ltr'>anic</span> <span class='ocrx_word' id='word_1_191' title='bbox 216 2054 281 2103; x_wconf 88' lang='lat' dir='ltr'>bello</span> <span class='ocrx_word' id='word_1_192' title='bbox 295 2054 368 2103; x_wconf 77' lang='lat' dir='ltr'>laticis</span> <span class='ocrx_word' id='word_1_193' title='bbox 379 2053 435 2100; x_wconf 88' lang='lat' dir='ltr'>inde</span> <span class='ocrx_word' id='word_1_194' title='bbox 446 2053 504 2102; x_wconf 76' lang='lat' dir='ltr'>atrae</span> <span class='ocrx_word' id='word_1_195' title='bbox 515 2051 609 2119; x_wconf 80' lang='lat' dir='ltr'>praedae.</span> <span class='ocrx_word' id='word_1_196' title='bbox 637 2055 716 2104; x_wconf 81' lang='lat' dir='ltr'>omnis</span> <span class='ocrx_word' id='word_1_197' title='bbox 727 2052 854 2111; x_wconf 64' lang='lat' dir='ltr'>militidue</span> 
     </span>
     <span class='ocr_line' id='line_1_27' title="bbox 113 2126 881 2192; baseline -0.001 -11"><span class='ocrx_word' id='word_1_198' title='bbox 113 2141 139 2181; x_wconf 79' lang='lat' dir='ltr'>ta</span> <span class='ocrx_word' id='word_1_199' title='bbox 157 2130 198 2179; x_wconf 85' lang='lat' dir='ltr'>cst.</span> <span class='ocrx_word' id='word_1_200' title='bbox 234 2129 399 2177; x_wconf 74' lang='lat' dir='ltr'>Addebantur</span> <span class='ocrx_word' id='word_1_201' title='bbox 414 2128 440 2176; x_wconf 74' lang='grc' dir='ltr'>δι</span> <span class='ocrx_word' id='word_1_202' title='bbox 458 2127 548 2190; x_wconf 84' lang='lat' dir='ltr'>laudes,</span> <span class='ocrx_word' id='word_1_203' title='bbox 574 2126 671 2192; x_wconf 83' lang='lat' dir='ltr'>quibus,</span> <span class='ocrx_word' id='word_1_204' title='bbox 688 2128 754 2178; x_wconf 88' lang='lat' dir='ltr'>haud</span> <span class='ocrx_word' id='word_1_205' title='bbox 772 2129 881 2181; x_wconf 80' lang='lat' dir='ltr'>minus.&#39;</span> 
     </span>
     <span class='ocr_line' id='line_1_28' title="bbox 113 2203 854 2270; baseline 0.001 -17"><span class='ocrx_word' id='word_1_206' title='bbox 113 2210 185 2270; x_wconf 73' lang='lat' dir='ltr'>quam</span> <span class='ocrx_word' id='word_1_207' title='bbox 205 2205 315 2268; x_wconf 83' lang='lat' dir='ltr'>praemio,</span> <span class='ocrx_word' id='word_1_208' title='bbox 332 2203 439 2266; x_wconf 79' lang='lat' dir='ltr'>gaudent</span> <span class='ocrx_word' id='word_1_209' title='bbox 453 2203 565 2252; x_wconf 83' lang='lat' dir='ltr'>militum</span> <span class='ocrx_word' id='word_1_210' title='bbox 581 2203 667 2251; x_wconf 86' lang='lat' dir='ltr'>animi.</span> <span class='ocrx_word' id='word_1_211' title='bbox 702 2207 771 2252; x_wconf 91' lang='lat' dir='ltr'>Tum</span> <span class='ocrx_word' id='word_1_212' title='bbox 787 2205 854 2268; x_wconf 84' lang='lat' dir='ltr'>duci,</span> 
     </span>
     <span class='ocr_line' id='line_1_29' title="bbox 112 2277 893 2344; baseline -0.001 -14"><span class='ocrx_word' id='word_1_213' title='bbox 112 2292 166 2330; x_wconf 89' lang='lat' dir='ltr'>tum</span> <span class='ocrx_word' id='word_1_214' title='bbox 177 2289 277 2344; x_wconf 86' lang='lat' dir='ltr'>propter</span> <span class='ocrx_word' id='word_1_215' title='bbox 288 2278 376 2328; x_wconf 89' lang='lat' dir='ltr'>ducem</span> <span class='ocrx_word' id='word_1_216' title='bbox 392 2278 504 2328; x_wconf 72' lang='lat' dir='ltr'>Patribus</span> <span class='ocrx_word' id='word_1_217' title='bbox 520 2292 618 2342; x_wconf 88' lang='lat' dir='ltr'>quoquc</span> <span class='ocrx_word' id='word_1_218' title='bbox 629 2277 748 2343; x_wconf 86' lang='lat' dir='ltr'>placatior</span> <span class='ocrx_word' id='word_1_219' title='bbox 759 2282 854 2329; x_wconf 84' lang='lat' dir='ltr'>exerci·</span> <span class='ocrx_word' id='word_1_220' title='bbox 890 2277 893 2285; x_wconf 83' lang='lat'>&#39;</span> 
     </span>
     <span class='ocr_line' id='line_1_30' title="bbox 112 2353 854 2421; baseline 0.003 -15"><span class='ocrx_word' id='word_1_221' title='bbox 112 2366 151 2406; x_wconf 81' lang='lat' dir='ltr'>tue</span> <span class='ocrx_word' id='word_1_222' title='bbox 161 2354 249 2415; x_wconf 82' lang='lat' dir='ltr'>rediit;</span> <span class='ocrx_word' id='word_1_223' title='bbox 260 2354 304 2405; x_wconf 85' lang='lat' dir='ltr'>fibi</span> <span class='ocrx_word' id='word_1_224' title='bbox 314 2364 448 2421; x_wconf 87' lang='lat' dir='ltr'>parentem,</span> <span class='ocrx_word' id='word_1_225' title='bbox 459 2354 529 2404; x_wconf 88' lang='lat' dir='ltr'>alteri</span> <span class='ocrx_word' id='word_1_226' title='bbox 540 2353 660 2403; x_wconf 80' lang='lat' dir='ltr'>exercitui</span> <span class='ocrx_word' id='word_1_227' title='bbox 671 2353 800 2406; x_wconf 87' lang='lat' dir='ltr'>dominum</span> <span class='ocrx_word' id='word_1_228' title='bbox 810 2355 854 2408; x_wconf 84' lang='lat' dir='ltr'>da·</span> 
     </span>
     <span class='ocr_line' id='line_1_31' title="bbox 113 2429 854 2496; baseline 0.005 -14"><span class='ocrx_word' id='word_1_229' title='bbox 113 2442 167 2482; x_wconf 86' lang='lat' dir='ltr'>tum</span> <span class='ocrx_word' id='word_1_230' title='bbox 181 2432 212 2482; x_wconf 86' lang='lat' dir='ltr'>ab</span> <span class='ocrx_word' id='word_1_231' title='bbox 223 2430 316 2495; x_wconf 84' lang='lat' dir='ltr'>senatu,</span> <span class='ocrx_word' id='word_1_232' title='bbox 333 2447 480 2489; x_wconf 79' lang='lat' dir='ltr'>memorans.</span> <span class='ocrx_word' id='word_1_233' title='bbox 504 2429 580 2480; x_wconf 70' lang='lat' dir='ltr'>Varii</span> <span class='ocrx_word' id='word_1_234' title='bbox 591 2429 690 2480; x_wconf 69' lang='lat' dir='ltr'>fortuni</span> <span class='ocrx_word' id='word_1_235' title='bbox 703 2431 769 2496; x_wconf 74' lang='lat' dir='ltr'>belli,</span> <span class='ocrx_word' id='word_1_236' title='bbox 786 2445 854 2486; x_wconf 90' lang='lat' dir='ltr'>atro·</span> 
     </span>
     <span class='ocr_line' id='line_1_32' title="bbox 113 2507 855 2575; baseline -0.001 -12"><span class='ocrx_word' id='word_1_237' title='bbox 113 2512 137 2563; x_wconf 86' lang='lat' dir='ltr'>ci</span> <span class='ocrx_word' id='word_1_238' title='bbox 148 2508 268 2561; x_wconf 77' lang='lat' dir='ltr'>discordia</span> <span class='ocrx_word' id='word_1_239' title='bbox 279 2509 347 2560; x_wconf 88' lang='lat' dir='ltr'>domi</span> <span class='ocrx_word' id='word_1_240' title='bbox 364 2509 473 2575; x_wconf 81' lang='lat' dir='ltr'>forisque</span> <span class='ocrx_word' id='word_1_241' title='bbox 491 2522 584 2559; x_wconf 88' lang='lat' dir='ltr'>anuum</span> <span class='ocrx_word' id='word_1_242' title='bbox 598 2507 719 2572; x_wconf 64' lang='lat' dir='ltr'>nastrum,</span> <span class='ocrx_word' id='word_1_243' title='bbox 735 2510 855 2574; x_wconf 80' lang='lat' dir='ltr'>insignem</span> 
     </span>
     <span class='ocr_line' id='line_1_33' title="bbox 112 2581 856 2657; baseline 0 -18"><span class='ocrx_word' id='word_1_244' title='bbox 112 2586 222 2639; x_wconf 70' lang='lat' dir='ltr'>maximi</span> <span class='ocrx_word' id='word_1_245' title='bbox 238 2585 340 2637; x_wconf 82' lang='lat' dir='ltr'>comitia</span> <span class='ocrx_word' id='word_1_246' title='bbox 359 2584 451 2636; x_wconf 86' lang='lat' dir='ltr'>tributa</span> <span class='ocrx_word' id='word_1_247' title='bbox 467 2581 591 2657; x_wconf 71' lang='lat' dir='ltr'>efficiuqt5</span> <span class='ocrx_word' id='word_1_248' title='bbox 607 2597 644 2634; x_wconf 84' lang='lat' dir='ltr'>tes</span> <span class='ocrx_word' id='word_1_249' title='bbox 660 2584 740 2648; x_wconf 82' lang='lat' dir='ltr'>major</span> <span class='ocrx_word' id='word_1_250' title='bbox 751 2587 856 2639; x_wconf 58' lang='lat' dir='ltr'>vidoni</span> 
     </span>
     <span class='ocr_line' id='line_1_34' title="bbox 112 2658 856 2731; baseline -0.004 -15"><span class='ocrx_word' id='word_1_251' title='bbox 112 2663 217 2731; x_wconf 84' lang='lat' dir='ltr'>suscepti</span> <span class='ocrx_word' id='word_1_252' title='bbox 236 2663 382 2726; x_wconf 78' lang='lat' dir='ltr'>certaminis,</span> <span class='ocrx_word' id='word_1_253' title='bbox 398 2658 542 2730; x_wconf 75' lang='lat' dir='ltr'>quimusu.</span> <span class='ocrx_word' id='word_1_254' title='bbox 576 2660 630 2728; x_wconf 82' lang='lat' dir='ltr'>plus</span> <span class='ocrx_word' id='word_1_255' title='bbox 646 2662 712 2711; x_wconf 87' lang='lat' dir='ltr'>enim</span> <span class='ocrx_word' id='word_1_256' title='bbox 729 2662 856 2727; x_wconf 69' lang='lat' dir='ltr'>dignitatis</span> 
     </span>
     <span class='ocr_line' id='line_1_35' title="bbox 113 2736 854 2808; baseline -0.007 -17"><span class='ocrx_word' id='word_1_257' title='bbox 113 2740 220 2791; x_wconf 88' lang='lat' dir='ltr'>comitiis</span> <span class='ocrx_word' id='word_1_258' title='bbox 232 2738 287 2808; x_wconf 80' lang='lat' dir='ltr'>ipsu</span> <span class='ocrx_word' id='word_1_259' title='bbox 297 2737 431 2788; x_wconf 69' lang='lat' dir='ltr'>detraiium</span> <span class='ocrx_word' id='word_1_260' title='bbox 441 2740 483 2801; x_wconf 88' lang='lat' dir='ltr'>cst,</span> <span class='ocrx_word' id='word_1_261' title='bbox 500 2736 611 2787; x_wconf 86' lang='lat' dir='ltr'>Patribus</span> <span class='ocrx_word' id='word_1_262' title='bbox 622 2752 655 2786; x_wconf 84' lang='lat' dir='ltr'>ex</span> <span class='ocrx_word' id='word_1_263' title='bbox 671 2737 776 2786; x_wconf 89' lang='lat' dir='ltr'>concilio</span> <span class='ocrx_word' id='word_1_264' title='bbox 797 2738 854 2787; x_wconf 85' lang='lat' dir='ltr'>sub·</span> 
     </span>
     <span class='ocr_line' id='line_1_36' title="bbox 113 2806 856 2884; baseline 0.001 -18"><span class='ocrx_word' id='word_1_265' title='bbox 113 2816 251 2878; x_wconf 85' lang='lat' dir='ltr'>movendis,</span> <span class='ocrx_word' id='word_1_266' title='bbox 269 2819 343 2880; x_wconf 71' lang='lat' dir='ltr'>quim</span> <span class='ocrx_word' id='word_1_267' title='bbox 360 2815 453 2866; x_wconf 83' lang='lat' dir='ltr'>virium</span> <span class='ocrx_word' id='word_1_268' title='bbox 468 2823 512 2864; x_wconf 79' lang='lat' dir='ltr'>aut</span> <span class='ocrx_word' id='word_1_269' title='bbox 530 2813 598 2884; x_wconf 82' lang='lat' dir='ltr'>plebi</span> <span class='ocrx_word' id='word_1_270' title='bbox 615 2806 725 2868; x_wconf 79' lang='lat' dir='ltr'>additum</span> <span class='ocrx_word' id='word_1_271' title='bbox 745 2815 786 2879; x_wconf 80' lang='lat' dir='ltr'>eii,</span> <span class='ocrx_word' id='word_1_272' title='bbox 810 2824 856 2867; x_wconf 87' lang='lat' dir='ltr'>aut</span> 
     </span>
     <span class='ocr_line' id='line_1_37' title="bbox 113 2890 372 2960; baseline 0.012 -18"><span class='ocrx_word' id='word_1_273' title='bbox 113 2890 240 2960; x_wconf 78' lang='lat' dir='ltr'>demptun</span> <span class='ocrx_word' id='word_1_274' title='bbox 251 2890 372 2944; x_wconf 82' lang='lat' dir='ltr'>Patribut.</span> 
     </span>
     <span class='ocr_line' id='line_1_38' title="bbox 694 2969 853 3024; baseline 0 -3"><span class='ocrx_word' id='word_1_275' title='bbox 694 2970 767 3024; x_wconf 80' lang='lat' dir='ltr'><strong>LXI.</strong></span> <span class='ocrx_word' id='word_1_276' title='bbox 786 2969 853 3021; x_wconf 86' lang='lat' dir='ltr'>Tun·</span> 
     </span>
    </p>
   </div>
   <div class='ocr_carea' id='block_1_3' title="bbox 0 0 987 3660">
    <p class='ocr_par' dir='ltr' id='par_1_3' title="bbox 0 0 987 3660">
     <span class='ocr_line' id='line_1_39' title="bbox 0 0 987 3660; baseline 0 0"><span class='ocrx_word' id='word_1_277' title='bbox 0 0 987 3660; x_wconf 95' lang='lat' dir='ltr'> </span> 
     </span>
    </p>
   </div>
  </div>
 </body>
</html>
