1964 3660
98 260 113 282 a*

167 226 184 270 6
425 223 461 270 Τ.
496 218 650 269 letr

164 308 282 357 miratum
294 307 372 368 gentis
386 308 491 371 virique,
510 309 534 356 8<
545 308 654 356 animum
671 307 711 355 vcl
722 308 787 356 bello
799 309 838 356 vel
850 310 902 374 paci

165 394 288 447 paratum,
306 382 406 432 dextera
418 384 473 432 datai
485 384 558 432 fidem
570 384 659 432 suturae
670 385 782 433 amicitia
793 384 903 434 sanxisse.

165 459 227 508 Inde
238 458 314 507 soedus
325 459 399 508 iilum
410 462 473 509 inter
484 461 564 524 duces,
575 462 638 509 inter
648 469 768 510 exercitus
781 460 902 512 salutatio·

165 549 224 584 nem
234 534 330 605 saliam.
360 539 454 585 AEnean
464 538 529 604 apud
540 539 656 586 Latinum
669 537 738 585 suilsc
750 540 774 586 in
786 538 903 605 hospitio.

164 613 205 663 ibi
214 608 336 661 'Latinum
352 613 417 678 apud
434 625 533 680 penates
546 617 613 663 Deos
628 614 786 665 domesticum
803 616 904 681 publico

158 690 305 753 adjunxisse
311 688 396 753 soedus,
408 690 457 739 lilii
469 692 551 740 AEneae
561 692 587 740 in
597 691 782 741 matrimonium
792 692 856 741 data.
875 709 903 742 ea

164 780 203 817 res
216 767 436 831 utique-Troianis
452 768 519 834 spem
536 768 639 817 affirmat
653 767 751 816 tandem
762 769 839 817 stabili
851 785 905 818 cer-

163 845 239 910 tique
251 843 305 893 sede
316 835 414 893 finiendi
423 847 520 894 erroris.
544 845 669 912 Oppidum
680 843 796 894 condunt.
816 848 903 895 AEncas

163 921 197 971 ab
208 921 308 972 nominc
319 922 403 971 uxoris
412 923 668 988 Laviniumappellat.
687 923 759 972 Brevi
766 922 833 988 stirps
842 938 903 986 quo·

158 1013 214 1064 ‘que
225 999 302 1048 virilis
314 1005 346 1048 ex
355 1015 424 1050 novo
433 1001 590 1049 matrimonio
601 1000 661 1062 suit;
673 1001 712 1048 cui
719 997 848 1048 Ascanium
860 1016 902 1067 pa·
932 1047 937 1056 ,

158 1087 245 1126 rentes
257 1075 341 1123 dixere
352 1088 450 1123 nomen.
478 1087 481 1093 ’
584 1113 586 1118 .
759 1079 770 1099 ²

157 1167 160 1171 ·
198 1156 233 1201 Π.
252 1154 318 1199 Bello
327 1151 413 1198 deinde
425 1146 569 1213 Aborigines
578 1151 732 1216 Trojanique
743 1151 810 1199 simul
822 1151 901 1216 petiti.

157 1229 266 1278 'Turnus
277 1231 332 1280 Rex
340 1222 494 1290 Runu‘omm
503 1228 544 1275 cui
555 1224 623 1292 passa
630 1229 734 1276 Lavinia
745 1228 902 1278 anteadven-

77 1323 81 1338 ¹
156 1309 219 1354 tum
230 1306 312 1352 AEneae
324 1301 418 1366 suerats
428 1303 553 1369 praelatum
568 1303 611 1352 fibi
628 1303 749 1352 advenam
766 1307 827 1367 aegre
838 1305 901 1369 pati-

156 1397 214 1444 ·ens,
227 1381 295 1429 srm'ul
307 1381 389 1428 AEneae
400 1381 539 1446 Latinoque
550 1382 641 1431 bellum
650 1381 773 1429 intulerat.
808 1384 902 1430 Neutra

162 1461 227 1508 acies
235 1459 288 1507 lata
300 1472 332 1505 ex
343 1474 373 1507 eo
384 1460 514 1507 certamine
522 1459 591 1508 abiit.
616 1457 674 1506 vitii
686 1458 784 1507 Rutuli:
797 1458 902 1508 viliores

164 1523 311 1597 Aborigines
324 1533 477 1607 Trojanique
486 1534 573 1583 ducem
584 1535 701 1583 Latinum
709 1535 818 1582 amisere.
841 1534 903 1586 Inde

162 1615 266 1662 Turnus
277 1613 409 1676 Rutulique
418 1612 485 1661 diffisi
496 1612 575 1678 rebua,
583 1612 614 1661 ad
622 1615 735 1661 florentes
744 1611 902 1681 Etruscorum

154 1704 224 1756 'opes
240 1690 447 1755 Mezentiumque,
467 1705 553 1739 eorum
564 1706 654 1754 regem,
668 1689 831 1753 confugiunt:
849 1685 901 1757 qui,

152 1770 231 1816 fare
242 1768 360 1832 opulento
368 1777 421 1816 tum
429 1767 522 1835 oppido
533 1766 681 1834 imperitans,
686 1767 738 1831 jam
748 1765 805 1816 iuclc
812 1768 844 1818 ab
855 1771 901 1820 ini-

162 1843 199 1892 tio
210 1844 309 1892 minime
318 1844 384 1893 latus
393 1860 466 1894 novae
474 1846 568 1910 origine
576 1846 650 1909 urbis,
660 1845 684 1894 St
693 1855 746 1893 tum
753 1845 829 1895 nimio
838 1847 901 1912 plur,

152 1926 237 1990 -quam
248 1922 303 1972 satis
314 1933 396 1974 tutum
404 1923 461 1973 esset
472 1924 568 1989 accolis,
585 1939 637 1974 rem
649 1922 785 1986 Troianam
798 1922 903 1972 crescere

153 2003 237 2071 nactur,
254 2000 319 2050 haud
330 2002 454 2066 gravatim
471 2002 536 2052 socia
553 2016 620 2052 arma
632 2001 728 2051 Rutulis
737 2001 830 2064 junxit.
858 2003 901 2051 AE·

153 2078 219 2128 'neat
231 2077 345 2128 adversus
359 2081 420 2128 tanti
431 2080 491 2127 belli>
499 2091 616 2128 terrorem
633 2089 661 2126 ut
679 2079 773 2127 animos
786 2079 901 2140 Aborigi.

160 2169 222 2204 num
234 2157 277 2204 libi
288 2157 437 2218 conciliaret,
448 2148 485 2205 'ue
496 2156 539 2204 sub
551 2155 698 2216 eodemjure
708 2152 795 2214 solum,
813 2152 852 2202 sed
864 2164 900 2204 et-

160 2229 212 2281 iam
219 2233 412 2282 nomine'omn'es
421 2232 503 2295 essent,
511 2235 612 2282 Latinos
619 2242 747 2294 utramque
753 2240 850 2293 gentem
857 2248 900 2299 ap·

160 2309 271 2376 pellavit.
296 2312 349 2358 Nec
359 2309 446 2358 deinde
459 2309 603 2373 Aborigines
616 2307 732 2370 Trojanis
743 2307 821 2356 studio
831 2325 860 2356 ac
871 2310 899 2358 sr-

153 2384 192 2434 ·de
203 2401 260 2449 erga
270 2400 352 2452 regern
362 2389 455 2435 AEnean
467 2385 560 2433 cessere.
586 2383 708 2448 fretusque
717 2382 753 2431 his
763 2385 848 2434 animis
858 2400 899 2436 co-

159 2461 317 2511 alescentium
331 2463 408 2512 indies
418 2462 499 2526 *magis
517 2462 622 2511 duorum
641 2461 789 2527 populorum
804 2465 903 2528 AEneag‚

153 2554 300 2604 ¹quanquam
312 2549 379 2589 tanta
390 2541 478 2607 opibus
489 2539 587 2588 Etruria
597 2549 656 2601 crat,
673 2549 701 2586 ut
715 2538 767 2600 jam
784 2553 834 2588 non
851 2550 899 2589 ter·

153 2633 199 2671 ‘ras
209 2616 296 2681 solum,
310 2617 349 2667 sed
365 2606 431 2668 mare
447 2619 521 2667 etiam
535 2632 579 2685 per
589 2627 667 2666 totam
679 2616 901 2681 Italiaclongitudl·

152 2696 225 2762 irem,
237 2696 268 2746 ab
281 2697 384 2765 Alpibus
396 2698 426 2748 ad
436 2697 530 2748 stetum
537 2697 652 2758 Siculum,
664 2696 730 2744 sami
741 2697 847 2747 nominis
864 2698 900 2746 sui

154 2774 292 2841 implessem
300 2773 467 2843 tanlen,quum
473 2776 591 2825 moenlbue
600 2774 691 2823 bellum
699 2774 839 2840 propulsare
846 2774 901 2840 pos-

158 2849 204 2915 set,
221 2855 247 2902 in
259 2857 336 2906 aciem
348 2859 430 2924 copias
446 2856 541 2907 eduxit.
576 2853 712 2904 Secundum
723 2851 778 2901 inde
790 2853 901 2917 proelium
969 2868 972 2873 ’

155 2929 264 2991 ¹Latinis,
277 2936 359 2983 AEneae
371 2936 445 2986 etiam
455 2934 570 2982 ultimum
578 2945 682 2995 operum
693 2929 833 2976 mortalium
844 2928 900 2977 fuit.

158 3000 217 3054 itus
228 3004 268 3072 eli,
278 3021 448 3074 quemcunque
456 3023 513 3058 cum
523 3006 571 3057 dici
581 3005 620 3068 jus
628 3004 712 3069 sasque
718 3002 760 3067 cll,
770 3002 840 3067 super
847 3003 900 3047 Nu-

151 3080 160 3112 ³
172 3108 175 3113 ·
800 3078 901 3128 miciunr
