1964 3660
362 156 387 209 L
403 149 452 209 tn
468 156 490 210 Ε
506 155 530 211 R
561 153 594 211 ll'»
828 164 871 227 a}

116 261 178 297 eum
189 246 236 309 his,
242 243 364 303 crescente
375 246 452 297 indies
463 261 537 312 grege
545 242 746 310 juvenum,seria
755 243 871 313 aciones

121 322 254 372 celebrate.
390 323 393 328 '

152 403 186 448 V..
203 401 262 463 Jam
275 408 329 447 tum
343 397 369 447 in
380 397 493 448 Palatino
500 406 587 448 monte
597 397 719 464 Lupercal
733 398 781 448 hoc
795 396 870 448 fuisse

119 475 242 525 ludicrum
252 475 342 537 serum,
356 475 381 524 ἃ
392 481 407 524 a
418 476 551 540 Pallanteo,
560 475 622 526 urbe
631 477 759 540 Arcadica,
771 475 868 526 Pallan·

121 554 192 617 tium,
206 552 294 603 deinde
305 552 432 616 Palatium,
444 563 555 603 montem
565 554 722 620 appellatum.
741 553 777 602 ibi
785 556 868 604 Evan-

74 697 77 700 .
122 627 201 693 drum,
212 629 256 695 qui
267 644 299 679 ex
308 644 339 678 eo
347 644 439 705 genere
448 628 571 679 Arcadum
582 631 664 680 multis
671 633 728 680 ante
738 629 868 697 tempesta-

121 707 185 755 tibus
196 723 225 756 ea
235 717 345 759 tenuerat
353 708 416 770 loca,
431 707 528 762 solenne
536 706 637 757 allatum
645 723 678 758 ex
687 707 791 757 Arcadia
800 708 869 757 insti-

121 783 197 847 misse,
205 795 233 834 ut
240 784 299 833 nudi
305 784 417 847 juvenes,
425 785 538 849 Lyceum
544 785 610 834 Pana
617 795 768 849 venerantes,
777 800 821 853 per
829 785 868 835 lu-

120 857 173 909 sum
187 872 261 926 atque
272 860 399 911 lasciviam
414 870 547 910 currerent.
575 876 651 927 quem
663 864 770 912 Romani
780 861 870 913 deinde

120 938 243 987 vocarunt
254 941 354 988 Inuum.
388 938 455 987 Huic
467 936 557 987 deditis
567 937 672 1003 ludicro,
681 953 758 1007 quum
767 939 869 990 solenne

122 1024 210 1064 notum
226 1016 291 1077 esset,
307 1014 431 1063 insidiatos
442 1013 475 1064 ob
487 1013 549 1063 barn
560 1011 646 1080 praedae
656 1013 744 1063 amiffae
753 1015 869 1083 latrones,

121 1105 200 1154 quum
209 1092 328 1151 Romulus
343 1093 370 1140 vi
382 1092 405 1140 se
416 1089 566 1154 defendisset,
583 1094 690 1140 Remum
704 1089 792 1158 cepisse
800 1111 808 1151 ;
825 1108 867 1142 ea-

121 1176 190 1233 ptum
201 1168 367 1231 regiAmulio
379 1165 507 1230 tradidisse,
519 1167 584 1215 ultro
595 1166 745 1216 accusantes.
775 1169 866 1217 Crimi-

119 1245 147 1292 ni
157 1246 265 1295 maxime
275 1244 375 1306 dabant,
386 1247 412 1294 in
424 1246 562 1293 Numitoris
570 1258 642 1308 agros
652 1243 684 1293 ab
694 1243 732 1293 his
743 1244 866 1311 impetum

120 1320 185 1369 sieri:
198 1320 253 1370 inde
262 1332 319 1384 eos,
324 1321 422 1369 colena
428 1321 551 1383 juvenum
560 1334 644 1383 manu,
652 1319 765 1369 hostilem
773 1321 798 1370 in
808 1333 869 1373 mo*

118 1401 176 1450 dum
188 1399 279 1466 ptaedas
288 1414 369 1462 agere.
390 1398 420 1446 sic
433 1398 559 1447 Numitori
570 1396 601 1446 ad
612 1395 760 1464 supplicium
771 1398 885 1453 Remus]

117 1475 221 1528 deditur.
254 1479 311 1540 Jam
321 1475 377 1525 inde
387 1475 423 1524 ab
430 1475 503 1524 initio
511 1474 690 1540 Faustulo-spes
698 1475 785 1539 suerat,
798 1477 864 1541 regi·

117 1571 158 1606 am
171 1555 268 1620 stirpem
275 1552 340 1619 apud
351 1551 375 1603 se
385 1552 497 1614 educari3
514 1567 572 1600 nam
584 1551 612 1618 ἃ,
619 1551 744 1618 expositos
750 1550 814 1616 jussu
824 1568 864 1602 re-

120 1635 156 1696 gis
166 1633 270 1683 infantes
281 1630 380 1693 sciebat,
396 1631 423 1680 dc
433 1640 537 1697 tempus,
552 1645 603 1694 quo
614 1629 665 1697 ipse
676 1645 719 1679 eos
730 1629 864 1697 sustulisset,

120 1710 151 1759 ad
159 1710 185 1767 id
191 1709 272 1776 ipstun
281 1722 414 1772 congruere
420 1725 427 1767 ;
438 1706 706 1770 sedremimmaturam,
716 1706 760 1757 nisi
768 1718 811 1756 aut
819 1723 864 1775 pet

121 1786 280 1848 occasionem,
286 1793 335 1834 aut
345 1798 388 1850 per
397 1783 559 1833 nereditatem
572 1784 661 1851 aperiri
673 1784 795 1835 noluerat.
818 1800 865 1834 ne·

114 1863 210 1913 celsitas
220 1862 289 1928 prior
300 1860 378 1909 venit.
403 1861 438 1909 ita
445 1870 513 1910 metu
521 1858 639 1925 subestur,
651 1860 761 1909 Romulo
771 1875 823 1909 tem
835 1877 865 1910 a·

119 1941 193 2007 petit.
229 1940 305 1987 Forte
319 1938 343 1986 δι
357 1939 490 2001 Numitori,
502 1952 579 2004 quum
593 1939 620 1986 in
635 1934 744 1987 custodia
756 1940 865 1988 Remum

120 2016 233 2076 haberet,
249 2011 397 2077 audissetque
407 2014 513 2075 geminos
524 2016 571 2063 eise
586 2014 679 2076 srattes,
696 2014 868 2080 comparando

118 2094 147 2143 ἃ
157 2102 256 2143 aetatem
266 2104 361 2151 eorum,
378 2089 404 2138 dt
417 2089 491 2156 ipsam
502 2093 604 2146 milrime
620 2090 734 2140 servilem
745 2089 870 2155 indolem,

117 2172 235 2234 tetigerat
249 2168 360 2218 animum
375 2170 494 2218 memoria
510 2181 646 2236 nepotum:
670 2168 864 2234 sciscitandoque

119 2250 206 2301 eodem
218 2245 339 2314 pervenit,
347 2254 376 2294 ut
383 2245 448 2295 haud
458 2247 545 2313 procul
556 2250 620 2311 esset,
630 2247 690 2313 quin
700 2249 807 2298 Remum
818 2261 865 2312 ag·

117 2327 239 2378 nosceret.
268 2326 306 2373 Ita
317 2322 424 2388 undique
438 2325 490 2388 regi
506 2323 575 2372 dolus
586 2324 698 2374 nectitur.
733 2326 863 2391 Romulus,

117 2419 169 2455 non
180 2418 238 2452 cum
247 2402 324 2465 globo
333 2400 456 2463 juvenum
476 2403 530 2465 (nec
541 2403 607 2450 enim
620 2413 671 2453 erat
684 2400 715 2452 ad
727 2402 779 2452 vim
791 2417 863 2469 aper·

113 2490 169 2531 tam
179 2484 231 2548 par)
240 2479 280 2528 sed
290 2479 345 2528 aliis
353 2478 402 2527 alio
412 2479 499 2527 itinere
507 2479 573 2542 justis
584 2491 652 2528 certo
663 2490 774 2546 tempore
784 2478 814 2528 ad
824 2493 868 2527 re·

118 2560 184 2623 giam
196 2558 282 2607 venire
296 2555 439 2623 pastoribus,
450 2555 481 2604 ad
494 2571 577 2620 regem
588 2558 708 2624 impetum
719 2557 792 2607 facit:
811 2555 870 2607 &a

115 2635 193 2687 denso
204 2636 343 2685 Numitoris
354 2634 401 2683 alia
411 2635 552 2700 comparati
562 2650 637 2686 manu
648 2635 750 2698 adjuvat
760 2637 867 2685 Remus.

117 2711 152 2762 ita
161 2726 245 2776 regem
255 2709 413 2761 obtruncant.

152 2792 198 2837 vt.
218 2790 345 2850 Numitor,
359 2789 422 2837 inter
432 2786 538 2852 primum
545 2787 680 2836 tumultum
692 2787 773 2836 hostes
787 2783 864 2835 invoa

118 2861 168 2913 fisse
183 2863 272 2912 urbem
289 2873 362 2926 atque
373 2862 472 2911 adortos
486 2863 578 2924 regiam
589 2863 708 2922 diditans,
727 2875 803 2923 quum
819 2875 867 2926 pu-

109 2935 175 2993 bem
190 2940 313 2991 Albanam
323 2940 350 2990 in
360 2954 442 2990 arcem
451 2936 561 3006 praefidio
571 2936 692 3005 armisque
703 2936 868 2992 obtinendam

465 3017 489 3065 A
500 3029 517 3074 r
800 3032 868 3068 avo-
