1964 3660
350 221 628 275 ursarum.
807 224 857 287 ἐπ
931 236 937 243 ’

113 313 228 363 mnitium
239 312 331 365 bellum
343 315 481 366 &descisso
493 329 578 386 repens
588 317 756 375 Lucanorum,
774 313 858 363 audio·

113 389 198 454 resque
209 390 352 442 defessionis
364 393 495 441 Tarentini
508 391 624 440 sollicitos
635 389 753 439 haberent
767 392 858 454 Patres,

113 467 215 527 accessit,
231 477 261 517 ut
278 470 303 518 dr
320 469 433 518 Vestinus
450 467 556 534 populus
574 464 722 514 Samnitibus
738 463 786 514 sese
798 451 858 514 con·

113 541 236 605 jungeret.
254 560 308 610 quae
319 561 356 594 res
368 545 427 594 sicut
438 560 469 594 eo
478 560 544 594 anno
556 543 707 593 sermonibus
715 544 793 607 magis
804 543 859 610 pas·

114 617 158 667 lim
171 621 299 671 hominum
313 622 411 686 jadiata,
429 628 502 687 quam
520 622 545 669 in
563 620 663 686 publico
683 621 734 671 ullo
752 621 859 671 coneilio

114 697 148 744 ell
155 715 162 756 ;
180 699 214 746 ita
226 695 373 764 insequentis
384 701 441 749 anni
453 697 601 760 consulibus,
618 698 649 744 L.
666 697 742 746 Furio
755 697 859 747 Camillo

114 774 213 836 iterum,
229 777 305 839 Junio
316 780 390 825 Bruto
402 781 498 837 Serevae,
516 774 581 824 nulla
591 774 659 840 prior
667 774 797 838 potiorque
806 773 860 824 visa

116 853 157 914 ell,
175 852 204 901 de
216 869 263 917 qua
274 854 305 903 ad
323 853 432 902 senatum
444 853 570 902 referrent.
589 853 622 914 de,
640 859 780 916 quanquam
791 868 860 902 nova
928 877 939 910 3

114 943 152 978 res
170 941 230 993 erat,
247 943 328 981 tamen
346 941 414 980 tanta
431 945 488 980 cura
505 933 587 980 Patres
604 929 704 991 incessit,
722 940 751 977 ut
768 930 860 995 paritet

116 1022 170 1054 eam
182 1005 317 1074 susceptam
332 1006 518 1072 neglesiamque
532 1008 661 1055 timerent:
680 1020 711 1052 ne
722 1015 765 1053 aut
776 1006 858 1071 impu·

115 1085 179 1132 nitas
190 1100 275 1133 eorum
286 1084 387 1133 lascivis
399 1083 567 1150 superbisque,
584 1091 628 1130 aut
643 1081 708 1131 bello
726 1095 803 1147 poenae
814 1095 858 1133 ex·

115 1161 199 1228 petita
209 1172 277 1209 metu
298 1163 438 1228 propinquo
455 1171 529 1225 atque
549 1159 584 1207 ird
595 1158 720 1207 concirent
740 1157 859 1207 finitimos

115 1238 231 1302 populos.
266 1238 297 1284 Et
314 1249 366 1287 erat
377 1252 451 1302 genus
470 1235 651 1290 ornneabunde
663 1234 860 1283 bellosamniti·

115 1313 161 1361 bus
173 1328 224 1379 par,
243 1314 317 1362 Marsi
333 1315 473 1379 Pelignique
485 1315 510 1363 dt
522 1313 675 1363 Marrucini:
694 1327 764 1378 quos,
781 1311 860 1360 ere·

115 1386 189 1439 stinus
200 1390 368 1456 attingeretur,
385 1407 470 1442 omnes
485 1384 612 1440 'habendos
623 1389 710 1440 hostes.
745 1388 814 1438 Vicit
822 1399 859 1439 ta·

114 1479 171 1514 men
181 1480 243 1531 pars,
262 1481 315 1531 quae
326 1467 352 1515 in
368 1465 494 1534 praesentia
509 1465 589 1515 videri
602 1466 685 1532 potuit
695 1465 795 1528 majoris
806 1465 859 1513 ani-

114 1544 158 1605 mi,
176 1547 250 1607 quam
267 1542 376 1592 consilii:
400 1543 440 1593 sed
458 1554 561 1592 eventus
572 1543 665 1604 docuit,
683 1541 759 1591 sortes
779 1540 858 1590 sortu-

114 1631 172 1665 nanr
190 1615 287 1677 jnvare.
323 1618 416 1666 Bellum
432 1632 465 1667 ex
482 1617 626 1666 audioritate
643 1619 743 1663 Patrum
754 1615 861 1680 populus

114 1691 231 1739 adversus
244 1692 358 1740 Vestinos
371 1693 442 1752 iussit.
478 1693 609 1740 Provincia
621 1707 649 1738 ea
662 1695 746 1752 Bruto,
765 1692 859 1741 Samni-

115 1782 158 1815 um
172 1767 277 1815 Camillo
288 1767 352 1815 sorte
363 1768 457 1814 evenit.
493 1767 622 1814 Exercitus
633 1767 738 1828 utroque
750 1763 823 1826 dosii,
833 1767 860 1814 er

115 1843 173 1892 curi
186 1841 333 1889 tuendorum
347 1842 433 1889 finium
446 1839 523 1888 helles
536 1840 653 1899 prohibiti
663 1839 812 1902 conjungere
820 1855 858 1890 ar·

114 1934 165 1966 ma.
202 1919 319 1964 Ceterum
330 1917 434 1965 alterum
445 1915 569 1964 consulem
581 1916 612 1963 L.
625 1916 735 1976 Furium,
753 1916 793 1963 eui
805 1931 858 1966 ma-

112 1994 155 2056 jor
166 1993 241 2041 moles
258 2007 340 2041 rerum
355 1991 467 2059 imposta
482 2001 542 2054 erat,
559 1991 648 2039 morbo
665 1991 736 2053 gravi
753 1991 859 2060 implici-

115 2081 168 2120 tum
179 2069 279 2118 fortuna
290 2069 356 2120 bello
371 2069 509 2119 subtraxit:
525 2067 648 2131 jussusque
663 2066 806 2119 didatorem
821 2070 859 2120 di·

116 2163 170 2197 cere
182 2147 216 2195 rei
229 2145 339 2209 gerenda
351 2149 429 2210 causi,
437 2147 511 2209 longe
522 2145 674 2194 elarilsrmum
682 2144 748 2194 bello
759 2147 787 2194 ea
796 2155 859 2195 tem·

116 2223 206 2290 pestate
215 2221 280 2270 dixit
291 2224 322 2270 L.
335 2223 460 2288 Papirium
473 2221 602 2271 Cursorem
612 2238 619 2280 3
637 2225 651 2270 a
662 2235 712 2286 quo
723 2225 757 2286 Q.
767 2222 858 2272 Fabius

116 2298 243 2348 Maximus
260 2299 387 2348 Rullianus
402 2298 516 2361 magister
531 2298 641 2363 equitum
658 2299 691 2346 eil
703 2297 795 2348 didius:
814 2313 859 2366 par

116 2376 200 2425 nobile
213 2375 285 2425 rebus
303 2377 329 2425 in
341 2391 372 2424 eo
389 2375 530 2438 magistratu
542 2374 619 2438 gestis,
637 2372 757 2425 discordia
768 2385 858 2439 tamen,

117 2454 165 2515 qua
177 2456 253 2518 prope
265 2452 296 2500 ad
307 2453 420 2499 ultimum
432 2452 597 2500 dimicationis
611 2461 716 2500 ventum
727 2455 768 2514 eli,
784 2454 859 2502 nobi⁴

115 2527 171 2576 lius.
207 2527 247 2575 Ab
258 2527 336 2574 altero
350 2524 448 2574 consule
463 2526 489 2574 in
498 2526 602 2574 Vestinis
615 2525 747 2588 multiplex
759 2527 858 2592 bellum,

116 2617 162 2652 nec
173 2600 276 2666 usquam
287 2603 360 2651 vario
376 2611 476 2664 eventu,
493 2602 586 2665 gestum
595 2600 637 2649 est.
662 2615 720 2650 narn
730 2602 756 2651 ἃ
770 2617 859 2669 perva-

116 2680 189 2730 stavit
200 2693 280 2743 agros,
297 2680 331 2743 ἃ,
348 2679 492 2746 populando
511 2691 586 2744 atque
596 2678 691 2728 urendo
711 2679 773 2729 tetta
784 2682 860 2732 holli-

117 2771 160 2805 um
172 2754 279 2819 sataque,
296 2756 322 2804 in
339 2757 418 2806 aciem
435 2756 529 2806 invitus
545 2756 671 2805 extraxit:
690 2756 715 2804 ἃ
726 2757 761 2805 ita
772 2760 861 2824 preelio

96 2873 100 2883 .
116 2847 168 2881 uno
179 2831 275 2881 accidit
288 2832 446 2883 Vestinorum
458 2847 504 2895 res,
522 2833 710 2897 haudquaquam
728 2843 809 2884 tamen
820 2837 859 2885 in·

117 2918 221 2958 cruento
232 2909 310 2957 milite
322 2907 374 2972 suo,
391 2919 479 2958 utnon
497 2909 523 2957 in
540 2909 615 2958 castra
627 2907 705 2972 solum
720 2909 860 2975 refugerent
940 2932 945 2938 ·

118 2982 206 3048 holla,
223 2980 273 3050 sed,
288 2983 340 3049 jam
351 2999 383 3036 ue
395 2984 464 3045 vallo
481 2973 621 3052 quidem‘ae
639 2982 780 3115 sollist'rebtie,
796 2987 860 3036 dila·
870 3016 889 3049 0

127 3079 130 3084 ’
775 3072 859 3116 renttu
