1964 3660
372 183 599 233 urruns.
827 203 856 251 23

117 267 216 333 operad
228 269 327 317 sabinos
329 285 400 334 rege
409 268 469 319 rude
472 270 578 338 sumpto
589 271 753 324 videbantur·
746 285 859 341 ‚rameru

117 360 197 408 neque
209 345 232 393 se
249 345 384 411 quisquam,
401 362 445 396 nec
462 347 572 398 sudionis
586 348 633 399 suae
652 351 736 414 alium,
758 369 804 402 nee
817 353 858 402 de-

117 423 192 486 nique
202 425 300 471 Parrum
315 433 357 473 aut
369 417 462 472 civium
476 441 622 491 quemquam
631 427 742 492 praeserre
758 431 826 478 illi'
802 446 859 480 viro

116 499 174 560 anfi,
197 499 228 546 ad
244 514 321 548 unum
341 517 424 550 omnes
436 505 522 551 Numae
537 504 659 568 Pompilio
673 520 775 566 regnum
791 506 858 555 defe-

116 576 218 624 rendum
236 574 376 625 decernunt.
411 580 518 642 Accitur,
534 579 592 628 ficui
604 582 723 631 Romulus
739 588 859 646 augurato

117 652 177 698 urbe
188 652 315 700 condendi
329 668 430 717 regnum
441 653 541 720 adeptus
555 656 594 718 est,
605 655 635 704 de
647 655 670 704 se
685 673 783 724 quoque
792 663 859 711 Deos

97 724 293 787 'cousulijuffit
312 728 369 776 inde
385 728 417 776 ab
431 745 522 792 augure
539 730 587 790 (cui
614 732 692 794 einde‚
710 735 859 785 honoriser

117 815 158 864 go,
170 801 296 865 publicum
304 803 333 852 id
342 797 535 870 perpetuumque
548 803 707 859 sacerdotium
718 809 774 874 suit)
783 795 857 860 dedu·

118 874 188 939 sius
181 893 207 925 rn
219 894 307 941 arcem,
329 881 355 928 in
365 880 445 947 sapide
456 880 487 930 ad
502 881 628 930 meridiem
643 881 725 931 versus
741 884 859 939 consedit.

120 957 205 1017 Augur
219 954 249 1003 ad
260 955 380 1003 laevam
359 973 418 1019 ejus,
430 958 509 1022 eapite
520 958 610 1020 velato,
620 956 699 1006 sedern
714 961 785 1024 cepit,
798 961 857 1010 dex·

88 1091 97 1103 ‘
118 1032 155 1078 tri
166 1048 240 1082 uranu
251 1033 365 1083 baculum
381 1034 429 1088 sine
452 1034 519 1083 nodo
541 1034 663 1083 aduncum
677 1045 768 1097 teneus,
786 1052 858 1100 quern

117 1106 206 1155 lituum
222 1109 413 1175 appellaverunt.
448 1108 508 1158 Inde
525 1109 576 1171 ubi,
595 1107 722 1174 prospediu
733 1110 758 1158 in
773 1110 859 1185 urbem

118 1199 250 1247 agrumque
262 1197 342 1250 capto,
363 1190 428 1234 Deos
447 1196 564 1251 precatus,
583 1187 693 1249 regiones
714 1186 745 1234 ab
765 1188 859 1236 oriente

116 1259 147 1309 ad
156 1259 267 1310 oceasum
278 1261 462 1322 determinavit;
477 1258 573 1311 deitras
582 1260 613 1311 ad
629 1261 755 1310 meridiem
768 1273 857 1329 partes,

118 1337 190 1386 laevas
199 1339 229 1387 ad
240 1338 428 1405 septentrionem
439 1337 483 1387 ess‘e
495 1338 568 1387 dixit.
597 1339 696 1401 Signum
706 1345 797 1401 contri,
808 1343 859 1405 quo

117 1413 249 1478 longiffime
265 1417 420 1482 conspesium
439 1417 503 1465 oculi
521 1415 639 1478 serebant,
659 1416 742 1464 animo
765 1414 857 1465 finivit.

119 1495 195 1554 Tum,
204 1490 265 1541 lituo
277 1493 302 1540 iu
313 1492 507 1557 laevamvmauum
516 1493 639 1553 transsato,
650 1489 736 1540 dextri
751 1492 775 1540 in
784 1503 858 1559 caput

119 1571 206 1618 Numae
223 1569 344 1635 impositi,
357 1580 472 1636 ,precatus
483 1570 521 1618 est
537 1571 584 1618 ita:
603 1569 696 1634 Jupiter
705 1577 779 1634 pater,
790 1568 812 1632 ſs
828 1567 858 1631 ess

113 1645 162 1708 fas,
168 1644 219 1694 hunc
226 1650 327 1696 Numam
333 1647 471 1710 Pompilium,
480 1646 582 1712 cujus'ego
590 1653 652 1710 caput
662 1653 727 1707 teneo,
735 1660 807 1709 regem
813 1645 857 1692 Ro-

119 1722 209 1788 mmffe,
226 1723 258 1770 uti
268 1731 291 1771 tu
296 1721 358 1788 figna
372 1721 427 1770 nohis
438 1732 495 1771 certa
506 1723 625 1787 adclaraffls
636 1722 691 1769 inter
699 1736 731 1769 eos
737 1721 800 1783 fines,
809 1735 858 1786 quot

112 1796 168 1860 feci.
204 1801 272 1845 Tum
288 1798 381 1862 peregit
394 1798 475 1846 verbis
492 1797 606 1863 auspicia,
623 1813 675 1862 quae
693 1797 758 1844 mitti
775 1796 858 1844 vellet.

118 1875 203 1939 quibus
212 1875 292 1938 missu,
303 1874 435 1923 declaratus
445 1890 489 1922 rex
498 1878 580 1922 Numa
588 1873 617 1922 de
626 1872 718 1938 templo
727 1873 858 1923 deseendit.

151 1954 222 1999 XIX.
242 1950 302 2012 Qui,
319 1964 395 2011 regno
406 1949 441 1996 ita
452 1950 551 2013 pot-itus,
560 1948 646 1996 urbem
662 1962 763 2009 novam,
774 1948 859 1997 condi·
940 1944 944 1950 ’

118 2036 167 2076 tam
177 2029 203 2077 vi
216 2029 241 2076 u
250 2025 332 2087 armo,
348 2025 399 2082 iure
408 2038 469 2086 eam,
481 2022 620 2087 legibusque
629 2039 657 2071 ae
666 2023 776 2071 moribus
785 2022 813 2070 de
823 2025 860 2074 in·

117 2113 185 2167 tegio
193 2103 299 2152 condere
308 2111 387 2167 parat.
405 2099 493 2164 quibus
502 2114 577 2164 quum
588 2099 651 2148 inter
662 2098 724 2148 bella
732 2095 861 2151 assuescere

116 2181 211 2230 videret
221 2196 271 2229 non
282 2177 459 2245 poise,-quippe
468 2175 578 2227 efferatos
591 2176 678 2226 militie
690 2175 799 2238 animos3
811 2177 858 2226 mi-

117 2257 242 2322 tigandum
257 2256 365 2305 ferocem
377 2254 496 2322 populum
512 2269 636 2306 annorum
652 2252 807 2304 desuetudine
818 2270 857 2321 ra7

116 2343 163 2397 tus,
178 2337 276 2398 Jaurun,
286 2332 317 2382 ad
329 2330 442 2395 infimum
454 2330 597 2395 Argiletum,
609 2326 714 2380 indicem
728 2332 794 2397 pacis
805 2330 856 2380 bel·

116 2409 190 2473 lique,
199 2409 269 2458 fecit:
282 2417 387 2474 apertus,
398 2417 425 2455 ut
434 2406 461 2454 in
470 2407 542 2455 armis
551 2404 595 2454 esse
604 2406 743 2467 civitatem
755 2406 857 2470 clausus,

116 2496 215 2551 pacatos
229 2485 292 2532 circa
309 2497 392 2531 omnes
411 2482 522 2547 populos,
535 2481 684 2545 significaret.
720 2483 758 2532 Bis
770 2481 859 2532 deinde

117 2561 169 2626 post
177 2564 264 2610 Numae
271 2575 373 2624 regnum
382 2557 475 2608 clausus
483 2558 546 2608 suit:
564 2558 636 2609 semel
645 2563 680 2608 T.
690 2559 785 2610 Manlio
797 2574 857 2608 cou-

117 2637 175 2703 sule,
193 2638 246 2702 post
252 2638 374 2685 Punicum
381 2638 488 2703 primum
496 2635 628 2702 persedium
636 2637 741 2686 bellurn:
759 2638 856 2701 iterum,
865 2692 867 2697 ¹

116 2714 184 2780 quod
195 2713 279 2762 nossrae
290 2713 353 2764 aetati
359 2716 402 2763 Dii
412 2714 537 2777 dederunt,
546 2726 575 2763 ut
585 2715 732 2777 rideremus,
744 2715 796 2780 post
805 2713 855 2760 bel·
869 2772 872 2777 ,

115 2793 167 2839 lum
179 2788 314 2853 Asiiacum,
330 2789 360 2840 ab
377 2793 528 2856 Imperatore
550 2791 642 2839 Caesare
660 2788 779 2851 Augusto,
790 2788 873 2854 paceff

116 2869 179 2916 terra
187 2867 299 2941 marique
309 2867 385 2934 parra.
421 2865 510 2914 Clauso
521 2881 560 2927 eo,
578 2881 655 2929 quum
669 2865 781 2913 omnium
792 2847 856 2950 ψ
869 2932 872 2940 ἢ

115 2942 278 2999 finitimorum
286 2903 856 3072 uoeuteaetoederibisjuxuetumos,p0

824 3020 856 3071 tis
