1964 3660
111 341 242 412 sumptum.
257 326 260 331 ¹
277 342 347 394 lneo
356 341 421 394 bello
430 343 456 394 de
466 346 545 416 pirrus
554 343 686 395 &fortuna
696 346 785 400 enituit
794 281 858 402 Tris,-

111 421 147 472 lii.
165 421 267 488 fusoque
278 422 370 485 ingenti
382 419 486 470 hostiurn
497 421 617 485 exercitu,
629 422 694 472 haud
703 423 791 477 dubius
804 442 859 491 rex,

112 499 153 551 seu
167 502 274 563 Patrrun,
291 498 333 548 scu
347 499 422 565 plebis
438 500 533 548 aubrios
550 499 734 566 periclitaretur,
755 505 861 554 Romam

111 575 193 626 rediit.
228 574 426 642 Aggrediturque
443 575 498 624 inde
511 575 542 625 ad
554 577 619 643 pacis
635 576 706 641 longi:
724 581 861 632 maximum

112 671 182 724 opus.
205 656 246 718 Ut,
261 651 467 719 quemadmodum
476 655 557 702 Numa
569 654 648 703 divini
658 653 743 704 audior
748 656 810 720 juris
821 656 860 707 su·

113 733 172 798 iflet,
190 734 225 784 ita
234 733 346 783 Servium
362 732 516 783 conditorem
530 732 608 780 omnis
620 728 646 780 in'
658 733 760 783 civitate
776 733 860 784 discri-

112 811 183 862 minis
200 809 371 876 ordinumque,
387 807 477 875 quibus
495 807 560 856 inter
578 805 665 871 gradus
676 807 801 872 dignitatis
811 810 861 860 sor·

113 898 224 955 tuncque
234 885 326 953 aliquid
337 886 475 948 interlucet,
492 882 580 951 posteri
589 883 655 933 sami
664 884 762 935 ferrent.
798 891 860 938 ceu·

114 961 165 1012 sum
179 965 242 1013 enim
258 963 369 1026 instituit,
386 977 437 1012 rem
449 959 628 1009 saluberrimam
642 970 710 1010 tanto
720 962 803 1015 sururo
815 965 861 1014 iur-

114 1041 199 1107 perio:
223 1054 256 1092 ex
272 1057 322 1107 quo
342 1039 400 1089 belli
415 1035 528 1106 pacisque
546 1036 631 1085 munia
648 1053 699 1088 non
716 1040 817 1106 viritim,
833 1049 864 1091 ut

113 1120 176 1178 ante,
193 1116 232 1166 sed
246 1133 291 1185 pro
300 1115 387 1167 habitu
398 1114 555 1182 pecuniarum
565 1111 660 1162 fierent.
695 1119 763 1166 Tum
781 1108 869 1170 classes

114 1195 287 1261 centuriasque,
303 1195 403 1246 &hunc
416 1190 570 1242 ordmemex
581 1187 655 1240 censu
672 1189 802 1262 descripsit,
820 1185 869 1247 vel

114 1273 168 1341 paci
179 1272 305 1337 decorum,
322 1270 449 1321 velbello.

148 1354 250 1402 XLIIIe
264 1353 303 1402 Ex
320 1352 357 1415 iis,
374 1349 416 1416 qui
422 1357 524 1401 centum
535 1347 638 1399 millimn
652 1348 712 1413 aeris,
729 1360 773 1401 aut
783 1350 869 1417 majo-⁴

67 1471 72 1479 .
113 1423 870 1494 run,censumhaberent,octogintaconseeitcenturiasque-⁴

113 1503 230 1567 dragenas
244 1503 367 1555 seniorum
380 1517 409 1553 ac
426 1501 562 1567 juninrmn.
597 1501 677 1550 Prima
692 1501 765 1553 clallls
777 1494 869 1558 omnesx

112 1581 236 1650 appellati.
253 1580 370 1645 seniores,
382 1579 413 1630 ad
423 1579 491 1628 urbis
499 1575 668 1652 custodiamur
679 1583 762 1646 praello
772 1581 846 1633 esent
853 1588 870 1636 ε’

110 1657 221 1722 juvenes,
242 1666 271 1706 ut
287 1652 347 1707 soris
368 1655 431 1705 bella
445 1663 568 1720 gererent.
600 1654 717 1703 armabis
733 1655 861 1722 imperata,

111 1733 189 1798 galea,
199 1733 321 1800 elypeum,
337 1745 423 1796 ocrea,
438 1731 530 1793 lorica;
547 1729 630 1782 omnia
640 1745 675 1781 ex
686 1746 741 1782 are.
768 1734 820 1785 haee
831 1746 861 1786 ut

112 1815 254 1875 tegumenta
267 1811 378 1877 corporis
389 1807 472 1858 essent.
495 1808 543 1858 tela
554 1809 580 1857 in
593 1807 695 1871 hostem,
712 1807 824 1876 hastaque
836 1813 863 1866 ὃς

103 1885 214 1953 1εξὶειόἰιιε.
250 1885 348 1937 Addirae
358 1887 414 1936 huic
424 1886 486 1935 ctaffi
498 1886 551 1936 dua
563 1881 661 1934 sabrdm
670 1887 792 1950 centuriae,
809 1904 865 1953 quar

44 2017 47 2025 ,
112 1963 161 2016 sme
170 1962 243 2016 annis
253 1963 373 2031 stipendia
381 1963 497 2013 facerent.
523 1962 608 2031 datum
622 1974 719 2024 munus,
735 1973 763 2012 ut
774 1965 865 2014 machi·

113 2048 190 2092 naam
202 2040 268 2092 bello
277 2039 378 2090 ferrent.
413 2035 521 2087 Secunda
529 2035 604 2086 classis
612 2036 675 2103 intra
685 2046 781 2086 centurn
789 2037 866 2104 usque

112 2115 145 2167 ad
155 2119 261 2185 quinque
277 2114 467 2184 &septuaginta
480 2113 583 2166 millium
593 2111 691 2162 censum
700 2114 821 2179 instituta;
838 2118 866 2172 nr

112 2208 146 2247 ex
154 2197 201 2260 his,-
210 2194 345 2247 senioribus
354 2189 549 2258 junioribusque,
557 2191 647 2257 viginti
656 2189 798 2258 conscriptae
807 2207 864 2245 cen·

11 2334 12 2339 ¹
114 2273 198 2325 turia:
215 2288 283 2323 arma
302 2274 428 2341 imperata,
451 2269 545 2320 scutum
562 2282 608 2338 pro
624 2270 721 2337 clypeo,
739 2271 764 2321 dc
776 2261 864 2338 praeter

113 2349 216 2399 loricam
231 2349 314 2401 omnia
324 2347 417 2398 eadem.
452 2347 545 2395 Tertiae
560 2345 634 2396 classis
648 2346 673 2396 in
687 2346 869 2414 quinquaginta
901 2368 905 2376 ·

114 2425 217 2476 millium
233 2426 331 2475 censmn
347 2423 393 2473 esse
407 2421 498 2474 voluit.
523 2423 627 2472 totidem
638 2425 755 2474 centuria
772 2423 797 2474 de
814 2426 863 2492 hae,

113 2499 248 2567 coderrmue
256 2498 392 2551 discrimine
400 2497 605 2562 antirmsasiae:
618 2513 662 2548 nec
671 2499 701 2548 de
709 2499 781 2548 armis
793 2501 863 2564 quic.

113 2591 187 2644 qum
205 2588 344 2637 mutatum3
360 2591 438 2626 ocrea
452 2579 548 2625 tantum
564 2574 691 2642 ademptae.
727 2578 756 2623 In
776 2582 872 2639 qmrta·

114 2651 184 2702 classe
194 2651 277 2704 census
288 2653 392 2719 quinque
403 2652 429 2703 dc
439 2653 530 2716 viginti
537 2653 648 2712 millium,
666 2648 771 2699 totidem
780 2644 872 2697 centu-'

114 2730 157 2780 ria
165 2727 241 2781 fatte.
258 2744 325 2779 arma
337 2739 438 2792 mutata,
447 2728 508 2778 nihil
513 2738 606 2794 prater
615 2727 707 2776 hallam
715 2724 739 2773 ἃ
749 2735 865 2776 verutum

114 2804 209 2856 datum.
244 2798 338 2870 Quinta
354 2804 428 2855 classis
441 2803 520 2866 antra,
537 2804 653 2853 centruiae
667 2801 768 2865 triginta
780 2800 865 2852 saue:

114 2880 202 2931 fundas
217 2880 355 2949 lapidesque
376 2880 471 2930 milliles
488 2879 514 2926 hi
530 2877 611 2927 secum
628 2875 752 2940 gerebant.
786 2877 811 2927 in
826 2877 865 2932 his

114 2956 217 3021 accensi,
226 2957 370 3021 cornicines,
382 2953 548 3021 tibicinesque,
560 2952 586 3002 in
597 2962 644 3004 tres
658 2953 777 3004 centurias
788 2953 865 3006 distri·

115 3031 180 3088 buti.
213 3030 334 3086 undecim
344 3033 452 3090 millibm
470 3031 522 3082 buc
536 3027 611 3084 cunis
622 3030 772 3085 censebatur.
805 3035 870 3083 Hoc

133 3128 137 3135 ·
459 3110 485 3166 0
780 3107 862 3160 minoe
