1964 3660
114 225 163 278 234
370 214 407 268 Τ.
441 213 609 268 LIVIs'

111 299 167 364 bus,
185 299 254 351 simul
265 315 324 352 aves
340 303 387 352 rite
398 303 552 367 admifillcnt,
568 317 600 354 ex
611 303 748 371 compefito
760 304 859 355 tollere-

112 387 153 427 tur
171 377 273 443 signum.
310 380 385 444 Quod
403 381 471 430 simul
490 381 629 447 conspexit,
655 383 747 447 primos
762 385 859 447 equitet

112 455 220 506 elamore
232 456 328 507 sublato
340 459 365 506 in
381 458 472 508 hostem
483 458 570 506 emisit.
596 457 676 506 secuta
687 458 798 523 peditum
806 459 857 507 aci·

112 544 137 579 et
149 531 242 595 ingenti
253 534 282 583 vi
301 535 424 583 conflixit.
459 534 532 583 Nulli
544 544 613 599 parte
632 533 739 595 legiones
750 533 859 582 Etmscae

112 604 245 657 fitllinuere
256 610 377 675 impetum
392 613 571 658 Romanorum.
596 623 669 672 eques
679 611 787 658 maxime
801 608 859 657 resr-

111 682 205 745 llebat3
222 688 380 751 equitumque
398 686 472 750 longe
490 685 629 734 senissimus
646 684 696 751 ipse
714 701 767 748 rex,
784 685 817 734 ab
828 701 857 734 o·
890 688 895 694 ’

86 824 97 831 μ
111 761 164 809 mni
174 772 243 827 parte
254 763 328 815 effuse
340 762 495 829 sequentibus
505 761 652 826 obequitans
663 763 790 826 Romanis,
808 771 858 810 tra·

112 836 188 887 hebal
199 851 335 890 certamen.
853 873 856 879 -

116 951 121 958 .
146 919 222 965 xlx.
241 919 300 968 Erat
316 929 370 967 tum
387 917 452 966 inter
467 919 560 981 equites
577 914 688 964 tribunus
698 915 806 965 militum
823 916 857 963 A.

114 993 244 1041 Cornelius
263 994 356 1057 Cossus,
373 994 464 1043 eximia
477 991 656 1060 pulchritudine
667 993 786 1057 corporis,
803 993 857 1040 anl-

112 1082 156 1118 mo
167 1085 196 1117 ac
216 1071 311 1120 viribus
323 1086 375 1136 par,
391 1085 536 1134 memorque
547 1071 650 1132 generis,
660 1068 743 1133 quod,
760 1065 860 1134 amplis-

112 1143 199 1194 simum
216 1158 352 1212 acceptum,
378 1147 457 1208 majus
474 1145 614 1210 auctiusque
630 1146 730 1210 reliquit
747 1146 858 1212 polletis.

114 1223 135 1270 is
146 1236 223 1285 quum
234 1222 265 1271 ad
287 1224 405 1289 impetum
421 1223 560 1284 Tolumnii,
577 1234 722 1287 quacunque
737 1220 761 1270 sc
778 1224 859 1272 inten-

112 1296 190 1360 disset,
208 1299 354 1365 trepidantes
366 1302 490 1347 Romanas
504 1298 600 1346 videret
612 1309 712 1360 turmaS,
729 1299 860 1362 insignem·

113 1389 162 1438 que
174 1391 231 1424 eum
250 1376 320 1438 regio
339 1375 425 1423 habitu
437 1374 584 1423 volitantem
596 1375 648 1422 toti
661 1375 715 1421 acie
726 1375 861 1441 cognosset,

111 1451 203 1501 lliccinc
214 1451 251 1514 est,
268 1451 358 1516 inquit,
373 1460 450 1516 ruptor
454 1450 547 1514 fndnis
555 1450 648 1512 human,
664 1450 797 1517 violatorque
802 1469 860 1519 gen·

52 1555 55 1558 >
112 1527 170 1577 tium
174 1527 255 1590 juris?
265 1529 317 1590 jam
327 1543 365 1594 ego
375 1527 428 1576 banc
437 1525 555 1577 maliciam
562 1527 685 1590 vissimum,
699 1526 729 1592 (fi
739 1529 861 1594 molismi.

111 1602 142 1652 tit
152 1603 260 1670 quicquam
271 1605 294 1653 in
305 1605 370 1654 terris
380 1603 419 1670 effe
430 1605 473 1653 Dii
486 1605 571 1670 voluit)
586 1604 703 1670 legatorum
715 1603 809 1654 moribus
820 1607 862 1655 dc·

111 1680 146 1729 bo.
182 1679 323 1730 Calcaribus
341 1680 451 1744 subditis,
467 1680 552 1731 infesti
568 1679 667 1748 cuspide
679 1682 705 1732 in
716 1697 795 1730 unum
809 1682 859 1732 ser·

113 1764 156 1804 tur
166 1753 268 1802 hostem.
302 1770 377 1821 quem
387 1771 465 1822 quum
475 1755 551 1806 isium
567 1771 633 1822 equo
650 1755 780 1820 dejecisset,
797 1772 860 1807 con·

111 1829 192 1882 testim
203 1831 229 1880 dc
241 1831 291 1897 ipse
299 1832 365 1881 hastd
373 1833 467 1883 innisus
478 1833 502 1882 se
513 1835 540 1883 in
550 1833 623 1900 pedes
633 1836 741 1900 excepit.
775 1832 860 1882 Assur·

113 1914 212 1970 gentem
222 1905 259 1954 ibi
268 1920 351 1970 regem
360 1907 469 1957 umbone
480 1907 613 1972 resupinat,
627 1909 806 1974 repetitumque
817 1907 860 1957 sae‘·

114 1984 171 2050 pius
182 1981 280 2048 cuspide
291 1983 323 2033 ad
342 1994 432 2033 terram
442 1985 530 2035 affixit.
554 1995 609 2035 tum
623 1984 743 2049 exsangui
754 1983 862 2034 detracta

113 2059 208 2126 spoli23
225 2073 347 2126 caputque
361 2060 488 2111 abscissum
500 2061 580 2112 vision
596 2061 690 2128 spiculo
698 2077 791 2126 gerens,
810 2071 860 2110 ter·

113 2149 173 2186 tore
185 2136 237 2184 caesr
248 2137 312 2200 regit
323 2137 402 2188 hostes
412 2136 502 2188 sundit.
537 2141 576 2187 Ita
585 2138 696 2201 equitum
710 2153 810 2202 quoque
820 2137 861 2187 su·

114 2211 225 2274 sancies,
242 2228 296 2277 quae
307 2229 357 2262 una
372 2213 464 2264 fecerat
478 2227 566 2278 anceps
582 2223 714 2262 certarnen.
748 2212 862 2263 Dislatot

114 2287 253 2350 legionibus
264 2289 355 2353 sugatis
366 2290 444 2353 lnslat,
460 2289 487 2340 St
497 2287 529 2339 ad
539 2288 615 2338 calin
625 2286 763 2352 compulsos
777 2287 857 2340 caedit.

114 2364 271 2414 Fidenatium
282 2365 384 2432 plurimi
399 2365 512 2414 locorum
528 2364 618 2414 notitid
631 2361 738 2426 effligere
749 2362 775 2412 in
786 2377 860 2413 mon-

115 2450 161 2489 tes.
197 2439 291 2504 Cossus,
314 2441 429 2492 Tiberim
446 2455 502 2511 cum
521 2441 634 2505 equitatu
652 2437 811 2502 mallenus,
826 2453 861 2492 ex

60 2527 61 2530 ’
114 2532 176 2580 agro
188 2517 328 2579 Vejentano
345 2519 472 2580 ingentem
490 2515 577 2570 detulit
595 2514 703 2583 predam
720 2514 752 2565 ad
762 2515 859 2568 urbem,
896 2566 899 2570 ,

115 2593 184 2642 Inter
195 2593 309 2658 proelium
320 2593 345 2642 δι
362 2592 393 2640 ad
413 2592 488 2644 castrt
498 2594 610 2647 Romana
619 2601 755 2659 pugnatum
765 2589 798 2639 est
817 2586 860 2640 ad·

115 2667 201 2716 versus
219 2677 315 2733 partem
333 2666 469 2732 copiarum,
485 2667 518 2718 ab
536 2668 682 2729 Tolumnio,
705 2677 735 2716 ut
751 2668 808 2714 ante*
823 2665 862 2719 di.-

114 2742 181 2791 slum
193 2744 234 2806 est,
251 2742 282 2792 ad
294 2741 368 2792 castra
379 2741 482 2792 millam.
517 2745 607 2794 Fabius
620 2743 759 2793 vibulanus
769 2741 862 2801 coron}

115 2819 225 2884 primum
244 2818 337 2867 vallum
358 2816 483 2867 defendit:
507 2819 615 2870 intentos
631 2816 718 2866 deinde
738 2815 816 2864 hostes
834 2816 861 2866 in
907 2844 910 2849 ·

115 2894 218 2956 vallum,
236 2892 339 2956 egressus
350 2891 438 2942 dextri
453 2894 583 2961 principali
594 2908 651 2942 cum
662 2891 751 2941 triariis
762 2895 863 2956 repente

116 2967 229 3027 invadit..
245 2983 296 3038 quo
308 2984 401 3040 pavore
418 2968 517 3036 mietio,
532 2968 607 3023 cadet
616 2967 782 3035 minen-quia
797 2983 861 3032 pau*

781 3055 862 3097 tiore!
