1964 3660
377 236 598 287 ararat.
830 243 862 301 ιφ
952 267 960 275 ‚

121 320 166 372 'ue
178 339 273 390 repens,
290 338 323 372 ex
337 325 399 387 agris
412 324 436 372 in
447 325 533 373 urbem
544 312 633 386 illatuq
646 330 691 391 pr'o
703 311 794 375 nuncio
806 327 862 378 fuit.

115 340 223 524 {licitus
245 399 364 448 Romulus
389 401 477 463 (neque
500 402 565 448 enirn
582 402 723 451 dilationem
741 405 791 469 pati
811 415 862 452 tam

113 480 117 513 ί
140 477 233 525 icinum
250 475 340 540 bellum
353 480 458 541 poterat)
481 479 616 526 exercitum
635 477 732 527 educit:
758 480 862 528 callraa

113 553 218 602 Fidenis
240 553 306 601 mille
320 551 429 618 paffuum
440 553 515 601 locat
535 554 569 602 ibi
585 554 684 604 modico
699 554 807 622 praesrdio
825 571 862 604 re-

118 630 186 694 litto,
206 627 308 704 egressus
331 628 456 676 omnibus
464 629 557 698 copiis,
572 641 664 697 partem
680 632 786 678 militurn
803 632 864 682 lotia

120 707 185 755 circa
201 693 274 754 denla
291 703 368 753 oblita
383 704 491 768 virgulta
505 705 611 754 obscuris
624 705 767 770 subsidere
761 723 786 755 rn
806 705 861 754 insi

113 781 164 830 ‘diis
171 781 254 845 jusfit;
267 796 323 828 cum
335 789 403 845 parte
414 779 507 842 majore
517 787 591 844 atque
601 781 669 830 omni
681 784 792 846 equitatu
805 791 866 851 pro·
959 782 965 817 ·¹

119 857 204 924 seclus,
221 857 246 907 id
263 857 331 924 quod
347 858 477 922 quaerebat,
496 856 646 907 tumultuoso
666 859 690 906 ἃ
708 861 798 907 minaci
820 874 863 922 ge
860 824 962 963 J

120 949 179 984 nere
192 950 287 1002 pugnae,
296 933 459 1000 adequitando
468 934 510 1000 ips
503 949 523 982 s
534 948 611 999 prope
623 936 709 999 portin·
718 935 808 983 hostem
818 950 861 985 ex

120 1013 200 1060 civit·
194 1011 280 1075 ‚sugae
294 1027 400 1076 quoque,
413 1027 465 1076 quae
477 1010 609 1059 simulanda
623 1023 682 1072 erat,
692 1011 775 1060 eadem
787 1028 861 1077 eque·

121 1089 173 1138 nris
182 1104 264 1155 pugna
275 1088 463 1137 causam-minus
484 1088 621 1136 mirabilem
638 1087 712 1136 dedit.
736 1089 761 1138 ἃ
778 1103 862 1153 quum,

119 1167 190 1215 velut
202 1167 266 1214 inter
276 1180 362 1231 pugnae
375 1164 488 1229 fugaque
499 1163 624 1214 confilium
642 1157 778 1232 trepidante
794 1168 862 1237 equi-

120 1253 182 1307 tatu,
197 1242 269 1309 pedes
278 1256 376 1308 quoque
385 1241 601 1313 referretgradum,
614 1242 796 1309 plenisropenti·
805 1259 862 1309 por.

118 1321 151 1370 tis
162 1319 227 1369 effusi
243 1319 329 1383 hostes,
346 1320 448 1386 impulsi
460 1301 571 1368 Romand
587 1321 648 1384 acie,
664 1320 742 1369 studio
760 1320 862 1371 instandi

120 1397 284 1463 sequendique
295 1397 424 1445 trahuntur
433 1394 464 1444 ad
480 1395 562 1445 locum
575 1388 723 1446 insidiarum
753 1398 812 1447 Inde
824 1384 862 1447 sul·

120 1474 174 1524 bito
185 1473 266 1523 exorti
276 1473 390 1535 Romani,
399 1471 560 1522 transversam
571 1473 690 1523 invadunt
698 1475 803 1524 bostium
813 1475 862 1522 aci-

120 1565 168 1600 em.
205 1550 305 1599 Addunt
316 1564 437 1616 pavorem
444 1552 622 1600 motaecassris
636 1539 701 1614 ligna
715 1567 800 1601 eorum
803 1552 862 1615 ‚qui

120 1627 147 1677 in
165 1627 272 1695 praesidio
292 1625 367 1675 relitti
387 1625 491 1675 fuerant
509 1626 544 1676 ita
563 1627 692 1694 multiplici
704 1638 796 1676 terrore
804 1638 862 1694 per

120 1704 321 1768 culliFidenates,
340 1703 407 1770 prule
415 1706 475 1770 pene
484 1708 558 1767 quam
569 1705 688 1755 Romulus
690 1721 797 1770 quique
806 1720 863 1755 cum

120 1796 152 1830 co
163 1797 229 1848 equis
237 1783 323 1844 terant
340 1780 532 1844 circumagerent
540 1780 613 1831 frenis
623 1797 707 1847 equos,
724 1792 792 1846 terga
806 1796 862 1832 ver·

117 1869 190 1908 tunt:
207 1857 336 1924 multoque
354 1855 451 1904 effusior
465 1858 566 1923 (quippe
577 1859 637 1906 vera
650 1858 719 1923 fugi)
737 1874 780 1922 qur
772 1857 862 1908 stmu-

110 1931 192 1982 lantes
204 1934 278 2000 paulo
289 1933 345 1978 ante
356 1927 431 1976 secuti
441 1940 510 1978 erant
511 1930 644 2003 ‚oppidum
653 1932 802 2007 repetebant.
812 1934 863 1982 nod

118 2020 200 2060 tamen
218 2010 330 2075 eripuere
349 2004 373 2054 se
389 2005 467 2053 hosti·
486 1998 603 2054 haereirs
596 2022 633 2054 in
644 2016 713 2070 terga
730 2011 863 2076 Romanor,

117 2080 185 2155 prius
197 2093 272 2154 quarn
280 2084 346 2134 sores
360 2090 489 2150 portarum
497 2079 671 2168 objicerenturq
683 2076 756 2134 velut
766 2087 864 2169 agmine

123 2179 175 2212 uno
189 2161 312 2226 irrumpit.

111 2248 115 2255 ¹
152 2245 211 2288 XV.
230 2239 288 2288 Belli
306 2235 429 2286 Fidenatis
446 2236 593 2299 contagione
612 2237 700 2289 irritati
719 2239 862 2303 Veientium

117 2316 202 2378 animi,
218 2316 242 2364 dt
253 2313 469 2377 consanguinitate,
485 2314 551 2375 (nam
571 2313 696 2365 Fidenates
714 2331 811 2382 quoque
828 2320 862 2366 Ε-

118 2391 194 2441 trusci
207 2393 313 2455 luerunt)
331 2391 356 2438 ἃ
376 2389 440 2454 qudd
454 2388 505 2455 ipsa
522 2392 693 2456 propinquitas
707 2394 766 2456 loci,
784 2393 863 2443 fruo-

118 2484 192 2516 mana
211 2483 278 2516 arma
294 2467 407 2516 omnibus
425 2467 507 2514 infesta
528 2466 637 2517 finitimis
653 2469 861 2532 effenr‚'ilimula·

118 2546 170 2610 bat,
178 2547 202 2595 in
215 2545 273 2594 fines
283 2549 410 2594 Romanos
424 2547 622 2611 excucurrerunt,
632 2547 798 2614 populabundi
811 2562 863 2593 ma-

119 2616 240 2687 gis'quam
255 2622 310 2684 justi
324 2637 392 2672 more
412 2622 477 2671 belli.
512 2624 598 2688 Itaque
611 2639 662 2672 non
680 2624 758 2672 castris
770 2621 861 2690 positis,
933 2678 936 2683 ,

117 2715 170 2748 ιιοιι
182 2696 320 2763 exspetiato
330 2700 434 2748 hostium
448 2701 567 2761 exercitu,
584 2712 678 2766 raptam
688 2715 718 2747 ex
728 2700 792 2762 agris
801 2714 862 2763 prar-

118 2775 176 2825 dam
193 2785 325 2843 portantes,
340 2776 416 2840 Vejos
427 2778 534 2826 rediere:
553 2780 679 2828 Romanus'
690 2781 783 2836 contra,
799 2777 862 2840 poli·

118 2869 193 2918 quarn
210 2853 302 2904 hostem
323 2856 348 2904 in
365 2856 428 2918 agris
448 2870 497 2902 non
514 2855 618 2914 invenit,
635 2853 786 2900 dimicationi
808 2854 864 2902 ulti-

119 2945 166 2980 mae
178 2928 302 2979 intruetur
316 2930 478 2995 intentusque,
487 2930 600 2977 Tiberim
612 2925 702 2977 transit
721 2943 793 2992 quern
802 2931 864 2996 post-

118 3021 193 3106 quam
207 3006 281 3060 castra
300 3023 401 3076 ponere,
418 3008 444 3062 δι
461 3007 492 3059 ad
507 3004 596 3058 urbem
612 3003 760 3057 accessurum
771 3008 817 3070 vje
819 3023 862 3055 en·
890 3038 893 3043 «

825 3093 863 3135 tes
