1964 3660
364 214 620 272 Ltnnrtm
821 232 868 288 ur

145 299 220 358 vn.
238 300 339 356 Deserta
354 308 447 372 omnia,
463 305 512 358 sme
529 310 619 376 capite,
634 305 684 358 fine
700 306 804 373 viribus,
823 313 869 365 Dii

122 377 233 444 praesrder
248 395 278 430 ac
296 382 397 433 fortuna
414 383 481 434 urbis
495 393 574 434 tutata
584 383 626 447 esi,
651 399 705 451 qua
718 384 812 438 Volscis
823 372 868 439 rii·

121 453 233 523 quisque,
258 459 400 526 predonum
418 462 500 529 potior
519 472 636 525 mentem,
658 467 731 528 quam
751 463 869 531 hostium,

120 531 198 584 dedit.
232 537 295 588 aneo
308 539 374 589 enim
388 539 454 589 nulla
465 539 519 607 sper
536 554 588 590 non
598 539 712 606 potiundi
723 541 808 607 modb,
825 542 868 596 sed

120 623 153 660 ne
171 612 277 664 adeundi
300 616 399 682 quidem
417 619 531 667 Romana
552 617 650 679 monia,
666 618 762 669 animos
778 633 867 672 eorum

118 688 196 755 cepit,
212 688 322 757 testaque
342 693 428 757 procul
447 693 501 742 visa
514 703 588 758 atque
606 694 761 746 imminenter
776 697 867 749 tumuli

120 775 233 816 avertere
248 780 342 821 mentes
353 770 586 833 communioris
597 769 680 835 paffim
690 772 770 823 caslris
780 773 866 827 stemi-

119 849 149 890 tn
162 852 229 906 orto,
245 845 314 911 pra'd
305 863 328 896 or
341 847 403 911 vasto
413 862 439 895 ac
448 846 528 911 deserto
540 860 593 913 agro
611 847 668 895 inter
684 849 755 897 talem
764 861 867 916 pecorum

118 915 266 989 bonumque
281 922 358 988 desides
366 923 413 988 sore
421 924 494 991 prada
505 931 592 1010 temprr
610 932 711 987 termut,
727 941 791 992 quaem
809 930 865 980 irte-

114 995 226 1062 grance,
260 999 400 1066 Trqscalaaam
418 1012 503 1068 agrum,
520 999 615 1066 opimm
633 1000 708 1065 copiis,
721 1009 796 1067 perere
814 1006 865 1072 pos-

13 1081 18 1089 “
111 1074 184 1140 stne!
215 1072 283 1140 ligna
303 1079 404 1144 repenti
418 1074 596 1141 convellerent,
619 1074 806 1143 transversisque
822 1082 866 1132 lti-

117 1151 218 1204 nen'buc
237 1168 281 1222 pcr
305 1154 446 1205 Lavicanor
469 1166 542 1217 agros
563 1152 590 1202 ln
613 1153 768 1205 Tuscrdanou
790 1158 867 1211 collct

39 1284 44 1292 ,
115 1232 255 1283 tmnfirent.
288 1236 318 1283 eb
328 1234 368 1284 vir
383 1232 464 1284 omnis
482 1231 659 1299 tempestasque
675 1231 732 1281 belli
744 1235 866 1290 conversa

117 1306 160 1358 est.
195 1309 299 1359 Interim
317 1309 419 1360 Hernici
440 1308 581 1374 Latinique,
597 1305 694 1375 pudore
711 1309 794 1375 etiarn,
809 1326 864 1364 nora

116 1385 284 1438 misericordii
291 1387 380 1451 solum,
396 1388 468 1450 moti,
484 1384 502 1435 sr
512 1400 558 1435 nce
568 1382 712 1436 obstitissent
722 1390 864 1441 communi·

116 1460 163 1514 but
174 1463 289 1530 hostibus,
305 1465 392 1517 insesio
411 1465 509 1530 agmine
519 1467 657 1514 Romanam
676 1465 764 1516 urbem
775 1477 863 1535 peten-

116 1539 190 1604 tibtu,
206 1555 253 1592 nec
272 1557 346 1610 opem
361 1541 436 1592 ullam
450 1539 546 1591 obsessis
557 1540 629 1591 sociis
640 1539 738 1604 seirent,
748 1543 863 1610 coujun.

114 1616 156 1668 {io
167 1621 279 1670 exercitu
291 1623 397 1669 Romam
414 1628 528 1685 pergunt.
560 1617 609 1667 Ubi
626 1632 703 1684 quum
714 1619 792 1669 hoster
808 1634 862 1674 nou

115 1693 269 1760 invenissent,
287 1693 362 1746 securi
381 1693 474 1746 samam
490 1709 519 1744 ac
533 1693 642 1758 vestigia,
659 1695 731 1744 obvii
743 1694 806 1746 fiunt
816 1694 862 1747 dc·

33 1808 36 1812 .
114 1769 284 1822 scendcntibus
300 1773 332 1823 ab
344 1770 531 1822 Tusculanum
551 1770 673 1820 Albanam
690 1771 788 1821 vallem.
823 1773 862 1828 ibi

113 1847 304 1916 haudquaquam
316 1856 387 1917 aquo
398 1849 484 1916 proelio
495 1857 632 1913 pugnatum
640 1847 684 1911 eii,
701 1847 808 1929 ridesque
816 1849 861 1902 sua

110 1921 185 1975 sociis
199 1940 287 1994 parum
301 1925 381 1977 felix
374 1941 400 1975 rn
411 1923 538 1993 prasentia
546 1921 605 1972 suit
630 1923 703 1972 Haud
713 1911 796 1974 mitior
807 1927 860 1975 llo·

36 2056 39 2060 J
109 2013 159 2051 ma
170 2001 199 2052 sit
209 2002 300 2053 morbo
311 2003 408 2089 strages,
424 2003 498 2064 quim
508 2008 599 2064 quanta
609 1997 675 2047 ferro
687 1995 810 2060 sqeiorum
820 2000 860 2052 sa·

108 2072 221 2130 dierat.
257 2077 350 2141 consul,
367 2077 410 2144 qui
421 2089 484 2125 unns
495 2073 626 2142 supererat,
643 2075 757 2125 moritur.
789 2091 860 2129 mon-

108 2155 150 2204 tui
161 2156 186 2208 ἃ
197 2155 238 2206 alii
257 2155 315 2205 clari
330 2154 388 2218 viri,
405 2156 444 2203 M.
457 2151 577 2214 Valerius,
596 2154 631 2201 T.
647 2151 774 2216 Virginius
784 2154 858 2205 Ruti·

23 2232 32 2289 ’,
68 2264 72 2271 ,
109 2233 156 2296 lus,
174 2248 290 2298 augurer,
308 2237 358 2282 ser.
371 2230 499 2298 sulpicius,
515 2229 586 2279 curio
602 2229 735 2282 maximut.
769 2231 794 2283 ἃ
810 2245 858 2301 pet

109 2311 196 2374 ignota
207 2309 288 2376 capita
298 2308 345 2358 late
359 2317 464 2373 evagata
481 2304 515 2355 ess
525 2305 565 2356 vit
574 2305 671 2356 morbi:
687 2307 807 2376 inopsque
818 2307 858 2360 se·

109 2396 182 2436 natus
193 2385 279 2434 auxilii
291 2385 400 2448 humani,
417 2384 449 2434 ad
460 2387 526 2434 neor
543 2384 664 2451 populum
676 2400 705 2436 ac
719 2395 780 2435 vota
795 2402 857 2440 rer·

107 2463 151 2512 tit.
182 2458 238 2525 juill
252 2475 308 2511 cum
324 2461 473 2526 conjugibus
487 2476 516 2512 ac
531 2460 615 2511 liberis
634 2459 798 2529 supplicatum
808 2463 856 2530 ire,

107 2551 245 2605 pacemque
256 2535 388 2605 exposcere
402 2536 493 2586 Derim.
526 2535 566 2586 Ad
577 2535 611 2599 id,
628 2536 696 2602 quod
711 2535 755 2587 sna
766 2552 855 2607 quem·

106 2628 157 2683 que
167 2614 369 2679 malacogcbant,
381 2612 527 2663 austoritate
538 2612 637 2680 publici
646 2613 755 2676 evocati,
769 2614 855 2666 omnia
923 2634 928 2644 ·

44 2698 48 2703 ’
105 2691 208 2745 delubra
225 2690 337 2759 implent.
370 2689 448 2740 strata
462 2689 546 2757 paffinr
557 2700 654 2753 matres,
670 2689 778 2739 crinibus
789 2700 855 2740 tem.

106 2770 149 2838 pla
159 2777 292 2830 terrenior,
309 2767 409 2819 reniam
419 2767 511 2822 innuo
523 2765 661 2831 caleisium,
673 2765 797 2833 finemque
807 2781 854 2836 pe.

106 2845 136 2897 sii
146 2844 293 2911 exposcunt.
340 2864 342 2869 ·

140 2924 215 2972 VIII.
226 2920 286 2972 Inde
297 2923 432 2990 paullatim,
441 2924 483 2975 seu
494 2939 554 2992 pace
566 2925 647 2975 neum
658 2923 795 2991 impetrati,
807 2923 852 2980 seu

104 2998 223 3100 graviore
234 3006 344 3070 tenpore
352 3002 429 3059 ancl
419 3017 483 3134 Janqi
482 3000 638 3071 commotio,
655 3000 768 3059 desunita
780 3017 851 3136 mqr·

828 3093 849 3134 rt
