<?xml version="1.0" encoding="UTF-8"?>
<!DOCTYPE html PUBLIC "-//W3C//DTD XHTML 1.0 Transitional//EN"
    "http://www.w3.org/TR/xhtml1/DTD/xhtml1-transitional.dtd">
<html xmlns="http://www.w3.org/1999/xhtml" xml:lang="en" lang="en">
 <head>
  <title>
</title>
<meta http-equiv="Content-Type" content="text/html;charset=utf-8" />
  <meta name='ocr-system' content='tesseract 3.04.00' />
  <meta name='ocr-capabilities' content='ocr_page ocr_carea ocr_par ocr_line ocrx_word'/>
</head>
<body>
  <div class='ocr_page' id='page_1' title='image "./titiliviipatavi00livygoog_0330.png"; bbox 0 0 1964 3660; ppageno 0'>
   <div class='ocr_carea' id='block_1_1' title="bbox 336 182 852 248">
    <p class='ocr_par' dir='ltr' id='par_1_1' title="bbox 336 182 852 248">
     <span class='ocr_line' id='line_1_1' title="bbox 336 182 852 248; baseline 0.021 -21"><span class='ocrx_word' id='word_1_1' title='bbox 336 182 604 247; x_wconf 20' lang='lat' dir='ltr'><em>,uranu-v.</em></span> <span class='ocrx_word' id='word_1_2' title='bbox 803 200 852 248; x_wconf 77' lang='lat'><em>319</em></span> 
     </span>
    </p>
   </div>
   <div class='ocr_carea' id='block_1_2' title="bbox 10 269 934 3042">
    <p class='ocr_par' dir='ltr' id='par_1_2' title="bbox 10 269 934 3042">
     <span class='ocr_line' id='line_1_2' title="bbox 104 269 853 340; baseline 0.005 -22"><span class='ocrx_word' id='word_1_3' title='bbox 104 278 177 319; x_wconf 84' lang='lat' dir='ltr'><em>tamen</em></span> <span class='ocrx_word' id='word_1_4' title='bbox 186 269 271 319; x_wconf 73' lang='lat' dir='ltr'><em>medere</em></span> <span class='ocrx_word' id='word_1_5' title='bbox 282 269 342 321; x_wconf 81' lang='lat' dir='ltr'><em>viros</em></span> <span class='ocrx_word' id='word_1_6' title='bbox 354 273 428 334; x_wconf 80' lang='lat' dir='ltr'><em>fortes</em></span> <span class='ocrx_word' id='word_1_7' title='bbox 445 271 493 339; x_wconf 74' lang='lat' dir='ltr'><em>effe,</em></span> <span class='ocrx_word' id='word_1_8' title='bbox 510 286 596 340; x_wconf 81' lang='lat' dir='ltr'><em>quorum</em></span> <span class='ocrx_word' id='word_1_9' title='bbox 615 271 746 322; x_wconf 69' lang='lat' dir='ltr'><em>orriliuma*</em></span> <span class='ocrx_word' id='word_1_10' title='bbox 764 272 853 338; x_wconf 78' lang='lat' dir='ltr'><em>Gsreſsrir</em></span> 
     </span>
     <span class='ocr_line' id='line_1_3' title="bbox 104 347 852 416; baseline 0.011 -22"><span class='ocrx_word' id='word_1_11' title='bbox 104 347 128 394; x_wconf 85' lang='lat' dir='ltr'><em>r&#39;o</em></span> <span class='ocrx_word' id='word_1_12' title='bbox 138 356 162 396; x_wconf 84' lang='lat' dir='ltr'><em>te</em></span> <span class='ocrx_word' id='word_1_13' title='bbox 172 348 256 413; x_wconf 83' lang='lat' dir='ltr'><em>trepido</em></span> <span class='ocrx_word' id='word_1_14' title='bbox 262 347 292 413; x_wconf 84' lang='lat' dir='ltr'><em>fit</em></span> <span class='ocrx_word' id='word_1_15' title='bbox 302 349 449 415; x_wconf 82' lang='lat' dir='ltr'><em>imploraturn.</em></span> <span class='ocrx_word' id='word_1_16' title='bbox 468 351 503 412; x_wconf 75' lang='lat' dir='ltr'><em>dr,</em></span> <span class='ocrx_word' id='word_1_17' title='bbox 520 350 616 416; x_wconf 75' lang='lat' dir='ltr'><em>quonium</em></span> <span class='ocrx_word' id='word_1_18' title='bbox 633 349 737 416; x_wconf 79' lang='lat' dir='ltr'><em>legatione</em></span> <span class='ocrx_word' id='word_1_19' title='bbox 747 351 852 416; x_wconf 74' lang='lat' dir='ltr'><em>adverset</em></span> 
     </span>
     <span class='ocr_line' id='line_1_4' title="bbox 98 423 850 493; baseline 0.005 -20"><span class='ocrx_word' id='word_1_20' title='bbox 98 423 256 486; x_wconf 72' lang='lat' dir='ltr'><em>so’nroluerr&#39;nt,</em></span> <span class='ocrx_word' id='word_1_21' title='bbox 272 427 339 490; x_wconf 87' lang='lat' dir='ltr'><em>qoam</em></span> <span class='ocrx_word' id='word_1_22' title='bbox 353 426 427 489; x_wconf 73' lang='lat' dir='ltr'><em>amis,</em></span> <span class='ocrx_word' id='word_1_23' title='bbox 446 427 583 491; x_wconf 76' lang='lat' dir='ltr'><em>noerisocios,</em></span> <span class='ocrx_word' id='word_1_24' title='bbox 601 427 658 491; x_wconf 86' lang='lat' dir='ltr'><em>rese</em></span> <span class='ocrx_word' id='word_1_25' title='bbox 674 426 757 493; x_wconf 82' lang='lat' dir='ltr'><em>quidem</em></span> <span class='ocrx_word' id='word_1_26' title='bbox 765 438 850 493; x_wconf 81' lang='lat' dir='ltr'><em>pacem,</em></span> 
     </span>
     <span class='ocr_line' id='line_1_5' title="bbox 103 498 853 570; baseline 0.008 -24"><span class='ocrx_word' id='word_1_27' title='bbox 103 500 208 565; x_wconf 78' lang='lat' dir='ltr'><em>quantilli</em></span> <span class='ocrx_word' id='word_1_28' title='bbox 218 500 326 564; x_wconf 85' lang='lat' dir='ltr'><em>offerant,</em></span> <span class='ocrx_word' id='word_1_29' title='bbox 335 503 453 567; x_wconf 79' lang='lat' dir='ltr'><em>aspernari,</em></span> <span class='ocrx_word' id='word_1_30' title='bbox 464 501 487 565; x_wconf 79' lang='lat' dir='ltr'><em>,s</em></span> <span class='ocrx_word' id='word_1_31' title='bbox 498 501 579 565; x_wconf 85' lang='lat' dir='ltr'><em>Gallis,</em></span> <span class='ocrx_word' id='word_1_32' title='bbox 596 499 702 568; x_wconf 74' lang='lat' dir='ltr'><em>egentibus</em></span> <span class='ocrx_word' id='word_1_33' title='bbox 713 519 772 570; x_wconf 75' lang='lat' dir='ltr'><em>egro,</em></span> <span class='ocrx_word' id='word_1_34' title='bbox 788 498 853 569; x_wconf 77' lang='lat' dir='ltr'><em>potiri</em></span> 
     </span>
     <span class='ocr_line' id='line_1_6' title="bbox 102 571 850 646; baseline 0.009 -22"><span class='ocrx_word' id='word_1_35' title='bbox 102 575 166 625; x_wconf 77' lang='lat' dir='ltr'><em>iatius</em></span> <span class='ocrx_word' id='word_1_36' title='bbox 173 579 297 644; x_wconf 81' lang='lat' dir='ltr'><em>poffideoo&#39;t,</em></span> <span class='ocrx_word' id='word_1_37' title='bbox 314 581 379 646; x_wconf 86' lang='lat' dir='ltr'><em>quem</em></span> <span class='ocrx_word' id='word_1_38' title='bbox 395 580 472 641; x_wconf 78' lang='lat' dir='ltr'><em>colant,</em></span> <span class='ocrx_word' id='word_1_39' title='bbox 490 579 574 644; x_wconf 80' lang='lat' dir='ltr'><em>Clussni,</em></span> <span class='ocrx_word' id='word_1_40' title='bbox 591 590 676 646; x_wconf 85' lang='lat' dir='ltr'><em>partem</em></span> <span class='ocrx_word' id='word_1_41' title='bbox 683 571 762 645; x_wconf 80' lang='lat' dir='ltr'><em>finium</em></span> <span class='ocrx_word' id='word_1_42' title='bbox 779 596 850 644; x_wconf 78' lang='lat' dir='ltr'><em>conce-</em></span> 
     </span>
     <span class='ocr_line' id='line_1_7' title="bbox 103 653 851 725; baseline 0.011 -24"><span class='ocrx_word' id='word_1_43' title='bbox 103 653 173 703; x_wconf 83' lang='lat' dir='ltr'><em>dant:</em></span> <span class='ocrx_word' id='word_1_44' title='bbox 186 655 255 705; x_wconf 77' lang='lat' dir='ltr'><em>aliter</em></span> <span class='ocrx_word' id='word_1_45' title='bbox 267 668 344 723; x_wconf 85' lang='lat' dir='ltr'><em>potem</em></span> <span class='ocrx_word' id='word_1_46' title='bbox 356 658 471 722; x_wconf 80' lang='lat' dir='ltr'><em>impetrati</em></span> <span class='ocrx_word' id='word_1_47' title='bbox 486 673 528 706; x_wconf 80' lang='lat' dir='ltr'><em>oron</em></span> <span class='ocrx_word' id='word_1_48' title='bbox 535 656 601 723; x_wconf 75' lang='lat' dir='ltr'><em>peffe.</em></span> <span class='ocrx_word' id='word_1_49' title='bbox 635 658 669 706; x_wconf 87' lang='lat' dir='ltr'><em>Et</em></span> <span class='ocrx_word' id='word_1_50' title='bbox 685 659 804 725; x_wconf 80' lang='lat' dir='ltr'><em>responsum</em></span> <span class='ocrx_word' id='word_1_51' title='bbox 816 677 851 709; x_wconf 87' lang='lat' dir='ltr'><em>co-</em></span> 
     </span>
     <span class='ocr_line' id='line_1_8' title="bbox 101 732 850 804; baseline 0.009 -26"><span class='ocrx_word' id='word_1_52' title='bbox 101 745 150 778; x_wconf 87' lang='lat' dir='ltr'><em>ram</em></span> <span class='ocrx_word' id='word_1_53' title='bbox 161 733 264 782; x_wconf 79' lang='lat' dir='ltr'><em>Romanis</em></span> <span class='ocrx_word' id='word_1_54' title='bbox 275 735 371 799; x_wconf 85' lang='lat' dir='ltr'><em>occipere</em></span> <span class='ocrx_word' id='word_1_55' title='bbox 382 733 439 783; x_wconf 82' lang='lat' dir='ltr'><em>uelle</em></span> <span class='ocrx_word' id='word_1_56' title='bbox 419 734 455 783; x_wconf 85' lang='lat' dir='ltr'><em>le:</em></span> <span class='ocrx_word' id='word_1_57' title='bbox 473 733 508 796; x_wconf 75' lang='lat' dir='ltr'><em>dr,</em></span> <span class='ocrx_word' id='word_1_58' title='bbox 521 732 543 795; x_wconf 78' lang='lat' dir='ltr'><em>ft</em></span> <span class='ocrx_word' id='word_1_59' title='bbox 553 742 641 800; x_wconf 82' lang='lat' dir='ltr'><em>negetur</em></span> <span class='ocrx_word' id='word_1_60' title='bbox 652 751 712 800; x_wconf 85' lang='lat' dir='ltr'><em>ager,</em></span> <span class='ocrx_word' id='word_1_61' title='bbox 729 751 801 784; x_wconf 84' lang='lat' dir='ltr'><em>coram</em></span> <span class='ocrx_word' id='word_1_62' title='bbox 812 738 850 804; x_wconf 81' lang='lat' dir='ltr'><em>iis-</em></span> 
     </span>
     <span class='ocr_line' id='line_1_9' title="bbox 10 809 850 880; baseline 0.011 -23"><span class='ocrx_word' id='word_1_63' title='bbox 10 848 12 852; x_wconf 94' lang='lat'>.</span> <span class='ocrx_word' id='word_1_64' title='bbox 100 809 150 858; x_wconf 78' lang='lat' dir='ltr'><em>dem</em></span> <span class='ocrx_word' id='word_1_65' title='bbox 161 812 263 861; x_wconf 79' lang='lat' dir='ltr'><em>Romanis</em></span> <span class='ocrx_word' id='word_1_66' title='bbox 280 814 423 874; x_wconf 70' lang='lat' dir='ltr'><em>dimicamus,</em></span> <span class='ocrx_word' id='word_1_67' title='bbox 440 820 464 861; x_wconf 83' lang='lat' dir='ltr'><em>ot</em></span> <span class='ocrx_word' id='word_1_68' title='bbox 475 814 574 860; x_wconf 84' lang='lat' dir='ltr'><em>nunciare</em></span> <span class='ocrx_word' id='word_1_69' title='bbox 589 812 674 860; x_wconf 84' lang='lat' dir='ltr'><em>domum</em></span> <span class='ocrx_word' id='word_1_70' title='bbox 682 815 766 879; x_wconf 83' lang='lat' dir='ltr'><em>poffirt,</em></span> <span class='ocrx_word' id='word_1_71' title='bbox 783 831 850 880; x_wconf 82' lang='lat' dir='ltr'><em>quon·</em></span> 
     </span>
     <span class='ocr_line' id='line_1_10' title="bbox 102 885 852 953; baseline 0.009 -19"><span class='ocrx_word' id='word_1_72' title='bbox 102 893 149 935; x_wconf 88' lang='lat' dir='ltr'><em>tum</em></span> <span class='ocrx_word' id='word_1_73' title='bbox 161 887 222 936; x_wconf 82' lang='lat' dir='ltr'><em>Goilr&#39;</em></span> <span class='ocrx_word' id='word_1_74' title='bbox 236 889 319 937; x_wconf 83' lang='lat' dir='ltr'><em>uirtute</em></span> <span class='ocrx_word' id='word_1_75' title='bbox 333 897 412 937; x_wconf 83' lang='lat' dir='ltr'><em>eeteros</em></span> <span class='ocrx_word' id='word_1_76' title='bbox 427 885 527 936; x_wconf 77' lang='lat' dir='ltr'><em>mortales</em></span> <span class='ocrx_word' id='word_1_77' title='bbox 535 885 668 952; x_wconf 76' lang='lat' dir='ltr'><em>prestarent.</em></span> <span class='ocrx_word' id='word_1_78' title='bbox 703 890 816 953; x_wconf 65' lang='lat' dir='ltr'><em>Quodnam</em></span> <span class='ocrx_word' id='word_1_79' title='bbox 825 891 852 941; x_wconf 85' lang='lat' dir='ltr'><em>id</em></span> 
     </span>
     <span class='ocr_line' id='line_1_11' title="bbox 97 959 850 1029; baseline 0.007 -20"><span class='ocrx_word' id='word_1_80' title='bbox 97 961 136 1026; x_wconf 81' lang='lat' dir='ltr'><em>jus</em></span> <span class='ocrx_word' id='word_1_81' title='bbox 154 959 209 1029; x_wconf 64' lang='lat' dir='ltr'><em>effe,</em></span> <span class='ocrx_word' id='word_1_82' title='bbox 226 978 304 1029; x_wconf 81' lang='lat' dir='ltr'><em>ogram</em></span> <span class='ocrx_word' id='word_1_83' title='bbox 323 965 340 1012; x_wconf 77' lang='lat' dir='ltr'><em>ei</em></span> <span class='ocrx_word' id='word_1_84' title='bbox 355 960 495 1029; x_wconf 75' lang='lat' dir='ltr'><em>poffeffort&#39;bus</em></span> <span class='ocrx_word' id='word_1_85' title='bbox 508 969 592 1026; x_wconf 85' lang='lat' dir='ltr'><em>petere,</em></span> <span class='ocrx_word' id='word_1_86' title='bbox 609 970 647 1011; x_wconf 85' lang='lat' dir='ltr'><em>aut</em></span> <span class='ocrx_word' id='word_1_87' title='bbox 665 961 744 1011; x_wconf 69' lang='lat' dir='ltr'><em>menori</em></span> <span class='ocrx_word' id='word_1_88' title='bbox 763 968 850 1015; x_wconf 77' lang='lat' dir='ltr'><em>arma?</em></span> 
     </span>
     <span class='ocr_line' id='line_1_12' title="bbox 101 1039 849 1109; baseline 0.007 -21"><span class='ocrx_word' id='word_1_89' title='bbox 101 1040 220 1088; x_wconf 85' lang='lat' dir='ltr'><em>Romanis</em></span> <span class='ocrx_word' id='word_1_90' title='bbox 229 1041 401 1105; x_wconf 80' lang='lat' dir='ltr'><em>quarentibm,</em></span> <span class='ocrx_word' id='word_1_91' title='bbox 411 1040 445 1103; x_wconf 77' lang='lat' dir='ltr'><em>de,</em></span> <span class='ocrx_word' id='word_1_92' title='bbox 455 1039 506 1106; x_wconf 78' lang='lat' dir='ltr'><em>quid</em></span> <span class='ocrx_word' id='word_1_93' title='bbox 515 1039 538 1088; x_wconf 85' lang='lat' dir='ltr'><em>in</em></span> <span class='ocrx_word' id='word_1_94' title='bbox 549 1039 642 1088; x_wconf 76' lang='lat' dir='ltr'><em>Etruria</em></span> <span class='ocrx_word' id='word_1_95' title='bbox 652 1040 685 1087; x_wconf 88' lang='lat' dir='ltr'><em>rei</em></span> <span class='ocrx_word' id='word_1_96' title='bbox 691 1041 769 1090; x_wconf 75' lang='lat' dir='ltr'><em>&#39;Gallis</em></span> <span class='ocrx_word' id='word_1_97' title='bbox 779 1041 849 1109; x_wconf 77' lang='lat' dir='ltr'><em>effer?</em></span> 
     </span>
     <span class='ocr_line' id='line_1_13' title="bbox 102 1117 849 1184; baseline 0.008 -20"><span class='ocrx_word' id='word_1_98' title='bbox 102 1118 180 1180; x_wconf 82' lang='lat' dir='ltr'><em>qutun</em></span> <span class='ocrx_word' id='word_1_99' title='bbox 191 1117 225 1166; x_wconf 88' lang='lat' dir='ltr'><em>illi</em></span> <span class='ocrx_word' id='word_1_100' title='bbox 227 1120 305 1184; x_wconf 80' lang='lat' dir='ltr'><em>,seir</em></span> <span class='ocrx_word' id='word_1_101' title='bbox 314 1120 382 1170; x_wconf 85' lang='lat' dir='ltr'><em>armis</em></span> <span class='ocrx_word' id='word_1_102' title='bbox 392 1119 431 1183; x_wconf 84' lang='lat' dir='ltr'><em>jus</em></span> <span class='ocrx_word' id='word_1_103' title='bbox 437 1119 511 1182; x_wconf 86' lang='lat' dir='ltr'><em>ferre,</em></span> <span class='ocrx_word' id='word_1_104' title='bbox 528 1117 554 1167; x_wconf 71' lang='grc' dir='ltr'><strong><em>ἃ</em></strong></span> <span class='ocrx_word' id='word_1_105' title='bbox 564 1118 634 1166; x_wconf 83' lang='lat' dir='ltr'><em>omnia</em></span> <span class='ocrx_word' id='word_1_106' title='bbox 641 1117 738 1183; x_wconf 84' lang='lat' dir='ltr'><em>fortium</em></span> <span class='ocrx_word' id='word_1_107' title='bbox 748 1121 849 1177; x_wconf 77' lang='lat' dir='ltr'><em>uirorum</em></span> 
     </span>
     <span class='ocr_line' id='line_1_14' title="bbox 101 1193 849 1262; baseline 0.007 -17"><span class='ocrx_word' id='word_1_108' title='bbox 101 1193 149 1260; x_wconf 80' lang='lat' dir='ltr'><em>effe,</em></span> <span class='ocrx_word' id='word_1_109' title='bbox 173 1194 288 1246; x_wconf 82' lang='lat' dir='ltr'><em>ferociter</em></span> <span class='ocrx_word' id='word_1_110' title='bbox 307 1197 424 1260; x_wconf 81' lang='lat' dir='ltr'><em>dicerent,</em></span> <span class='ocrx_word' id='word_1_111' title='bbox 447 1193 551 1246; x_wconf 74' lang='lat' dir='ltr'><em>accensus</em></span> <span class='ocrx_word' id='word_1_112' title='bbox 570 1195 685 1262; x_wconf 87' lang='lat' dir='ltr'><em>utrinque</em></span> <span class='ocrx_word' id='word_1_113' title='bbox 705 1197 792 1247; x_wconf 86' lang='lat' dir='ltr'><em>animis</em></span> <span class='ocrx_word' id='word_1_114' title='bbox 816 1197 849 1262; x_wconf 76' lang='lat' dir='ltr'><em>nd</em></span> 
     </span>
     <span class='ocr_line' id='line_1_15' title="bbox 101 1271 849 1356; baseline 0.012 -38"><span class='ocrx_word' id='word_1_115' title='bbox 101 1285 169 1320; x_wconf 83' lang='lat' dir='ltr'><em>arma</em></span> <span class='ocrx_word' id='word_1_116' title='bbox 180 1271 330 1356; x_wconf 80' lang='lat' dir='ltr'><em>discurritur,</em></span> <span class='ocrx_word' id='word_1_117' title='bbox 347 1273 372 1324; x_wconf 76' lang='lat' dir='ltr'><em>tr</em></span> <span class='ocrx_word' id='word_1_118' title='bbox 384 1273 496 1341; x_wconf 82' lang='lat' dir='ltr'><em>proelium</em></span> <span class='ocrx_word' id='word_1_119' title='bbox 508 1271 652 1323; x_wconf 89' lang='lat' dir='ltr'><em>conseritur.</em></span> <span class='ocrx_word' id='word_1_120' title='bbox 687 1273 754 1340; x_wconf 90' lang='lat' dir='ltr'><em>Ibi,&#39;</em></span> <span class='ocrx_word' id='word_1_121' title='bbox 745 1291 798 1338; x_wconf 80' lang='lat' dir='ltr'><em>Jam</em></span> <span class='ocrx_word' id='word_1_122' title='bbox 808 1289 849 1349; x_wconf 80' lang='lat' dir='ltr'><em>ur·</em></span> 
     </span>
     <span class='ocr_line' id='line_1_16' title="bbox 100 1327 846 1418; baseline 0.008 -22"><span class='ocrx_word' id='word_1_123' title='bbox 100 1349 215 1412; x_wconf 77' lang='lat' dir='ltr'><em>gentibue</em></span> <span class='ocrx_word' id='word_1_124' title='bbox 226 1327 364 1401; x_wconf 78' lang='lat' dir='ltr'>Romanam</span> <span class='ocrx_word' id='word_1_125' title='bbox 375 1351 461 1401; x_wconf 87' lang='lat' dir='ltr'><em>urbem</em></span> <span class='ocrx_word' id='word_1_126' title='bbox 473 1350 538 1415; x_wconf 80' lang='lat' dir='ltr'><em>satis,</em></span> <span class='ocrx_word' id='word_1_127' title='bbox 555 1351 629 1416; x_wconf 80' lang='lat' dir='ltr'><em>legati</em></span> <span class='ocrx_word' id='word_1_128' title='bbox 641 1361 727 1401; x_wconf 89' lang='lat' dir='ltr'><em>contra</em></span> <span class='ocrx_word' id='word_1_129' title='bbox 737 1352 778 1416; x_wconf 77' lang='lat' dir='ltr'><em>jus</em></span> <span class='ocrx_word' id='word_1_130' title='bbox 785 1342 846 1418; x_wconf 82' lang='lat' dir='ltr'><em>gen·</em></span> 
     </span>
     <span class='ocr_line' id='line_1_17' title="bbox 101 1425 846 1496; baseline 0.012 -22"><span class='ocrx_word' id='word_1_131' title='bbox 101 1426 164 1476; x_wconf 89' lang='lat' dir='ltr'><em>tium</em></span> <span class='ocrx_word' id='word_1_132' title='bbox 175 1430 362 1496; x_wconf 86' lang='lat' dir='ltr'><em>armacapiunt.</em></span> <span class='ocrx_word' id='word_1_133' title='bbox 379 1444 424 1479; x_wconf 87' lang='lat' dir='ltr'><em>nec</em></span> <span class='ocrx_word' id='word_1_134' title='bbox 435 1427 461 1478; x_wconf 90' lang='lat' dir='ltr'><em>id</em></span> <span class='ocrx_word' id='word_1_135' title='bbox 473 1429 536 1479; x_wconf 88' lang='lat' dir='ltr'><em>clam</em></span> <span class='ocrx_word' id='word_1_136' title='bbox 547 1425 594 1477; x_wconf 82' lang='lat' dir='ltr'><em>esse</em></span> <span class='ocrx_word' id='word_1_137' title='bbox 605 1429 696 1496; x_wconf 89' lang='lat' dir='ltr'><em>potuit,</em></span> <span class='ocrx_word' id='word_1_138' title='bbox 714 1445 791 1495; x_wconf 88' lang='lat' dir='ltr'><em>quum</em></span> <span class='ocrx_word' id='word_1_139' title='bbox 802 1447 846 1492; x_wconf 84' lang='lat' dir='ltr'><em>an-</em></span> 
     </span>
     <span class='ocr_line' id='line_1_18' title="bbox 99 1501 846 1573; baseline 0.012 -21"><span class='ocrx_word' id='word_1_140' title='bbox 99 1510 132 1553; x_wconf 86' lang='lat' dir='ltr'><em>te&#39;</em></span> <span class='ocrx_word' id='word_1_141' title='bbox 135 1501 202 1569; x_wconf 78' lang='lat' dir='ltr'><em>figna</em></span> <span class='ocrx_word' id='word_1_142' title='bbox 218 1505 378 1558; x_wconf 84' lang='lat' dir='ltr'><em>Etruscorum</em></span> <span class='ocrx_word' id='word_1_143' title='bbox 389 1515 436 1556; x_wconf 76' lang='lat' dir='ltr'><em>tres</em></span> <span class='ocrx_word' id='word_1_144' title='bbox 452 1505 593 1556; x_wconf 85' lang='lat' dir='ltr'><em>nobilislimi</em></span> <span class='ocrx_word' id='word_1_145' title='bbox 609 1505 781 1573; x_wconf 84' lang='lat' dir='ltr'><em>fortissimique</em></span> <span class='ocrx_word' id='word_1_146' title='bbox 792 1511 846 1561; x_wconf 88' lang='lat' dir='ltr'><em>Ro·</em></span> 
     </span>
     <span class='ocr_line' id='line_1_19' title="bbox 98 1581 849 1650; baseline 0.007 -21"><span class='ocrx_word' id='word_1_147' title='bbox 98 1594 179 1631; x_wconf 86' lang='lat' dir='ltr'><em>manae</em></span> <span class='ocrx_word' id='word_1_148' title='bbox 185 1581 324 1645; x_wconf 82' lang='lat' dir='ltr'><em>juventutis</em></span> <span class='ocrx_word' id='word_1_149' title='bbox 335 1591 481 1648; x_wconf 86' lang='lat' dir='ltr'><em>pugnarent.</em></span> <span class='ocrx_word' id='word_1_150' title='bbox 498 1592 596 1632; x_wconf 88' lang='lat' dir='ltr'><em>tanturn</em></span> <span class='ocrx_word' id='word_1_151' title='bbox 606 1583 849 1650; x_wconf 72' lang='lat' dir='ltr'><em>eminebatperegri·</em></span> 
     </span>
     <span class='ocr_line' id='line_1_20' title="bbox 99 1657 847 1722; baseline 0.008 -14"><span class='ocrx_word' id='word_1_152' title='bbox 99 1670 132 1708; x_wconf 87' lang='lat' dir='ltr'><em>tta</em></span> <span class='ocrx_word' id='word_1_153' title='bbox 143 1660 231 1709; x_wconf 80' lang='lat' dir='ltr'><em>virtue.</em></span> <span class='ocrx_word' id='word_1_154' title='bbox 251 1659 401 1722; x_wconf 81' lang='lat' dir='ltr'><strong>Quinetiam</strong></span> <span class='ocrx_word' id='word_1_155' title='bbox 414 1661 448 1722; x_wconf 80' lang='lat' dir='ltr'><em>Q.</em></span> <span class='ocrx_word' id='word_1_156' title='bbox 460 1657 560 1721; x_wconf 83' lang='lat' dir='ltr'><em>Fabius,</em></span> <span class='ocrx_word' id='word_1_157' title='bbox 577 1658 676 1710; x_wconf 73' lang='lat' dir='ltr'><em>evenus</em></span> <span class='ocrx_word' id='word_1_158' title='bbox 686 1668 756 1709; x_wconf 79' lang='lat' dir='ltr'><em>ema</em></span> <span class='ocrx_word' id='word_1_159' title='bbox 766 1662 847 1714; x_wconf 84' lang='lat' dir='ltr'><strong>aciem</strong></span> 
     </span>
     <span class='ocr_line' id='line_1_21' title="bbox 99 1732 846 1800; baseline 0.009 -18"><span class='ocrx_word' id='word_1_160' title='bbox 99 1736 172 1798; x_wconf 85' lang='lat' dir='ltr'><em>¹equo,</em></span> <span class='ocrx_word' id='word_1_161' title='bbox 189 1736 279 1784; x_wconf 88' lang='lat' dir='ltr'><em>ducem</em></span> <span class='ocrx_word' id='word_1_162' title='bbox 292 1733 433 1795; x_wconf 85' lang='lat' dir='ltr'><em>Gallorum,</em></span> <span class='ocrx_word' id='word_1_163' title='bbox 455 1732 573 1783; x_wconf 80' lang='lat' dir='ltr'><em>ferociter</em></span> <span class='ocrx_word' id='word_1_164' title='bbox 587 1733 614 1782; x_wconf 89' lang='lat' dir='ltr'><em>in</em></span> <span class='ocrx_word' id='word_1_165' title='bbox 631 1735 684 1800; x_wconf 86' lang='lat' dir='ltr'><em>ipsa</em></span> <span class='ocrx_word' id='word_1_166' title='bbox 694 1733 760 1798; x_wconf 82' lang='lat' dir='ltr'><em>signa</em></span> <span class='ocrx_word' id='word_1_167' title='bbox 771 1739 846 1789; x_wconf 79' lang='lat' dir='ltr'><em>Etru-</em></span> 
     </span>
     <span class='ocr_line' id='line_1_22' title="bbox 98 1807 845 1877; baseline 0.007 -19"><span class='ocrx_word' id='word_1_168' title='bbox 98 1808 196 1858; x_wconf 89' lang='lat' dir='ltr'><em>scorum</em></span> <span class='ocrx_word' id='word_1_169' title='bbox 215 1808 387 1871; x_wconf 79' lang='lat' dir='ltr'><em>incursantem,</em></span> <span class='ocrx_word' id='word_1_170' title='bbox 404 1809 518 1874; x_wconf 81' lang='lat' dir='ltr'><em>perlatus</em></span> <span class='ocrx_word' id='word_1_171' title='bbox 530 1807 675 1859; x_wconf 78' lang='lat' dir='ltr'><em>transfixmn</em></span> <span class='ocrx_word' id='word_1_172' title='bbox 685 1809 760 1875; x_wconf 71' lang='lat' dir='ltr'><em>hasti,</em></span> <span class='ocrx_word' id='word_1_173' title='bbox 776 1815 845 1877; x_wconf 86' lang='lat' dir='ltr'><em>occi·</em></span> 
     </span>
     <span class='ocr_line' id='line_1_23' title="bbox 97 1885 847 1957; baseline 0.011 -22"><span class='ocrx_word' id='word_1_174' title='bbox 97 1886 152 1936; x_wconf 89' lang='lat' dir='ltr'><em>dit:</em></span> <span class='ocrx_word' id='word_1_175' title='bbox 169 1886 295 1953; x_wconf 88' lang='lat' dir='ltr'><em>spoliaque</em></span> <span class='ocrx_word' id='word_1_176' title='bbox 312 1887 364 1950; x_wconf 86' lang='lat' dir='ltr'><em>ejus</em></span> <span class='ocrx_word' id='word_1_177' title='bbox 382 1885 505 1955; x_wconf 73' lang='lat' dir='ltr'><em>legentem</em></span> <span class='ocrx_word' id='word_1_178' title='bbox 523 1885 735 1951; x_wconf 82' lang='lat' dir='ltr'><em>Galliagnovere,</em></span> <span class='ocrx_word' id='word_1_179' title='bbox 752 1903 847 1957; x_wconf 85' lang='lat' dir='ltr'><em>perque</em></span> 
     </span>
     <span class='ocr_line' id='line_1_24' title="bbox 89 1961 845 2028; baseline 0.007 -19"><span class='ocrx_word' id='word_1_180' title='bbox 89 1968 177 2012; x_wconf 74' lang='lat' dir='ltr'><em>‚totam</em></span> <span class='ocrx_word' id='word_1_181' title='bbox 187 1963 274 2026; x_wconf 80' lang='lat' dir='ltr'><em>aciem,</em></span> <span class='ocrx_word' id='word_1_182' title='bbox 292 1966 433 2012; x_wconf 88' lang='lat' dir='ltr'><em>Romanum</em></span> <span class='ocrx_word' id='word_1_183' title='bbox 452 1963 560 2026; x_wconf 80' lang='lat' dir='ltr'><em>legatum</em></span> <span class='ocrx_word' id='word_1_184' title='bbox 574 1961 628 2025; x_wconf 83' lang='lat' dir='ltr'><em>esse,</em></span> <span class='ocrx_word' id='word_1_185' title='bbox 645 1962 741 2028; x_wconf 78' lang='lat' dir='ltr'><em>siguum</em></span> <span class='ocrx_word' id='word_1_186' title='bbox 758 1966 845 2022; x_wconf 83' lang='lat' dir='ltr'><em>datum</em></span> 
     </span>
     <span class='ocr_line' id='line_1_25' title="bbox 98 2037 925 2107; baseline 0.008 -19"><span class='ocrx_word' id='word_1_187' title='bbox 98 2038 140 2088; x_wconf 87' lang='lat' dir='ltr'><em>est.</em></span> <span class='ocrx_word' id='word_1_188' title='bbox 176 2038 270 2088; x_wconf 75' lang='lat' dir='ltr'><em>omissi</em></span> <span class='ocrx_word' id='word_1_189' title='bbox 280 2037 337 2088; x_wconf 90' lang='lat' dir='ltr'><em>inde</em></span> <span class='ocrx_word' id='word_1_190' title='bbox 349 2038 375 2088; x_wconf 89' lang='lat' dir='ltr'><em>in</em></span> <span class='ocrx_word' id='word_1_191' title='bbox 388 2037 497 2089; x_wconf 73' lang='lat' dir='ltr'><em>Clusinos</em></span> <span class='ocrx_word' id='word_1_192' title='bbox 508 2038 553 2103; x_wconf 68' lang='lat' dir='ltr'><em>iri,</em></span> <span class='ocrx_word' id='word_1_193' title='bbox 564 2041 675 2107; x_wconf 87' lang='lat' dir='ltr'><em>receptui</em></span> <span class='ocrx_word' id='word_1_194' title='bbox 686 2053 786 2107; x_wconf 87' lang='lat' dir='ltr'><em>canunt,</em></span> <span class='ocrx_word' id='word_1_195' title='bbox 796 2045 845 2095; x_wconf 45' lang='lat' dir='ltr'><em>mie</em></span> <span class='ocrx_word' id='word_1_196' title='bbox 924 2052 925 2057; x_wconf 78' lang='grc'>’</span> 
     </span>
     <span class='ocr_line' id='line_1_26' title="bbox 97 2108 845 2183; baseline 0.003 -15"><span class='ocrx_word' id='word_1_197' title='bbox 97 2127 183 2168; x_wconf 83' lang='lat' dir='ltr'><em>nantes</em></span> <span class='ocrx_word' id='word_1_198' title='bbox 191 2117 318 2167; x_wconf 84' lang='lat' dir='ltr'><em>Romanis.</em></span> <span class='ocrx_word' id='word_1_199' title='bbox 331 2118 415 2180; x_wconf 87' lang='lat' dir='ltr'><em>Erant,</em></span> <span class='ocrx_word' id='word_1_200' title='bbox 428 2115 471 2182; x_wconf 93' lang='lat' dir='ltr'><em>qui</em></span> <span class='ocrx_word' id='word_1_201' title='bbox 481 2115 606 2183; x_wconf 76' lang='lat' dir='ltr'><em>extemplo</em></span> <span class='ocrx_word' id='word_1_202' title='bbox 618 2119 725 2168; x_wconf 87' lang='lat' dir='ltr'><em>Romam</em></span> <span class='ocrx_word' id='word_1_203' title='bbox 734 2108 845 2174; x_wconf 80' lang='lat' dir='ltr'><em>eundum</em></span> 
     </span>
     <span class='ocr_line' id='line_1_27' title="bbox 95 2189 934 2267; baseline 0.002 -21"><span class='ocrx_word' id='word_1_204' title='bbox 95 2194 230 2246; x_wconf 80' lang='lat' dir='ltr'><em>censerent.</em></span> <span class='ocrx_word' id='word_1_205' title='bbox 249 2194 331 2245; x_wconf 83' lang='lat' dir='ltr'><em>vicere</em></span> <span class='ocrx_word' id='word_1_206' title='bbox 342 2193 458 2259; x_wconf 87' lang='lat' dir='ltr'><em>seniores,</em></span> <span class='ocrx_word' id='word_1_207' title='bbox 474 2204 502 2244; x_wconf 91' lang='lat' dir='ltr'><em>ut</em></span> <span class='ocrx_word' id='word_1_208' title='bbox 513 2193 588 2259; x_wconf 84' lang='lat' dir='ltr'><em>iegati</em></span> <span class='ocrx_word' id='word_1_209' title='bbox 607 2195 675 2263; x_wconf 78' lang='lat' dir='ltr'><em>prius</em></span> <span class='ocrx_word' id='word_1_210' title='bbox 687 2196 846 2267; x_wconf 83' lang='lat' dir='ltr'><em>mitterentur</em></span> <span class='ocrx_word' id='word_1_211' title='bbox 929 2189 934 2196; x_wconf 75' lang='grc'><em>’</em></span> 
     </span>
     <span class='ocr_line' id='line_1_28' title="bbox 94 2268 844 2341; baseline 0.008 -20"><span class='ocrx_word' id='word_1_212' title='bbox 94 2268 206 2338; x_wconf 81' lang='lat' dir='ltr'><em>questum</em></span> <span class='ocrx_word' id='word_1_213' title='bbox 222 2271 323 2337; x_wconf 82' lang='lat' dir='ltr'><em>injurias</em></span> <span class='ocrx_word' id='word_1_214' title='bbox 339 2272 545 2340; x_wconf 85' lang='lat' dir='ltr'><em>postulatumque,</em></span> <span class='ocrx_word' id='word_1_215' title='bbox 562 2282 590 2322; x_wconf 90' lang='lat' dir='ltr'><em>ut</em></span> <span class='ocrx_word' id='word_1_216' title='bbox 601 2289 648 2341; x_wconf 89' lang='lat' dir='ltr'><em>pro</em></span> <span class='ocrx_word' id='word_1_217' title='bbox 663 2274 718 2338; x_wconf 90' lang='lat' dir='ltr'><em>jure</em></span> <span class='ocrx_word' id='word_1_218' title='bbox 729 2275 844 2341; x_wconf 84' lang='lat' dir='ltr'><em>gentium</em></span> 
     </span>
     <span class='ocr_line' id='line_1_29' title="bbox 80 2349 842 2419; baseline 0.012 -21"><span class='ocrx_word' id='word_1_219' title='bbox 80 2349 190 2412; x_wconf 64' lang='lat' dir='ltr'><em>¹violato</em></span> <span class='ocrx_word' id='word_1_220' title='bbox 202 2351 272 2402; x_wconf 85' lang='lat' dir='ltr'><em>Fabii</em></span> <span class='ocrx_word' id='word_1_221' title='bbox 283 2349 438 2402; x_wconf 82' lang='lat' dir='ltr'><em>dederentur.</em></span> <span class='ocrx_word' id='word_1_222' title='bbox 472 2351 562 2416; x_wconf 83' lang='lat' dir='ltr'><em>Legati</em></span> <span class='ocrx_word' id='word_1_223' title='bbox 574 2351 703 2402; x_wconf 85' lang='lat' dir='ltr'><em>Gallorum</em></span> <span class='ocrx_word' id='word_1_224' title='bbox 714 2367 791 2418; x_wconf 90' lang='lat' dir='ltr'><em>quum</em></span> <span class='ocrx_word' id='word_1_225' title='bbox 803 2368 842 2419; x_wconf 83' lang='lat' dir='ltr'><em>ea,</em></span> 
     </span>
     <span class='ocr_line' id='line_1_30' title="bbox 93 2423 843 2504; baseline 0.009 -30"><span class='ocrx_word' id='word_1_226' title='bbox 93 2423 154 2475; x_wconf 85' lang='lat' dir='ltr'><em>sicut</em></span> <span class='ocrx_word' id='word_1_227' title='bbox 164 2437 234 2475; x_wconf 87' lang='lat' dir='ltr'><em>erant</em></span> <span class='ocrx_word' id='word_1_228' title='bbox 244 2427 369 2504; x_wconf 86' lang='lat' dir='ltr'><em>mandata,</em></span> <span class='ocrx_word' id='word_1_229' title='bbox 386 2426 558 2495; x_wconf 82' lang='lat' dir='ltr'><em>exposuissent,</em></span> <span class='ocrx_word' id='word_1_230' title='bbox 576 2426 669 2478; x_wconf 82' lang='lat' dir='ltr'><em>senatui</em></span> <span class='ocrx_word' id='word_1_231' title='bbox 686 2443 731 2478; x_wconf 87' lang='lat' dir='ltr'><em>nec</em></span> <span class='ocrx_word' id='word_1_232' title='bbox 749 2428 843 2482; x_wconf 72' lang='lat' dir='ltr'><em>sallum</em></span> 
     </span>
     <span class='ocr_line' id='line_1_31' title="bbox 94 2490 842 2572; baseline 0.012 -23"><span class='ocrx_word' id='word_1_233' title='bbox 94 2500 206 2568; x_wconf 84' lang='lat' dir='ltr'><em>placebat</em></span> <span class='ocrx_word' id='word_1_234' title='bbox 217 2490 362 2566; x_wconf 76' lang='lat' dir='ltr'><em>Fabiorum,</em></span> <span class='ocrx_word' id='word_1_235' title='bbox 379 2505 430 2555; x_wconf 73' lang='grc' dir='ltr'>ἀ</span> <span class='ocrx_word' id='word_1_236' title='bbox 420 2519 461 2568; x_wconf 81' lang='lat' dir='ltr'><em>Jut</em></span> <span class='ocrx_word' id='word_1_237' title='bbox 475 2504 594 2572; x_wconf 86' lang='lat' dir='ltr'><em>postulare</em></span> <span class='ocrx_word' id='word_1_238' title='bbox 611 2504 709 2555; x_wconf 86' lang='lat' dir='ltr'><em>barbari</em></span> <span class='ocrx_word' id='word_1_239' title='bbox 721 2497 842 2558; x_wconf 83' lang='lat' dir='ltr'><em>videban-</em></span> 
     </span>
     <span class='ocr_line' id='line_1_32' title="bbox 93 2576 843 2648; baseline 0.013 -22"><span class='ocrx_word' id='word_1_240' title='bbox 93 2587 143 2626; x_wconf 89' lang='lat' dir='ltr'><em>tur.</em></span> <span class='ocrx_word' id='word_1_241' title='bbox 178 2576 227 2641; x_wconf 89' lang='lat' dir='ltr'><em>sed,</em></span> <span class='ocrx_word' id='word_1_242' title='bbox 243 2594 274 2629; x_wconf 90' lang='lat' dir='ltr'><em>ne</em></span> <span class='ocrx_word' id='word_1_243' title='bbox 286 2578 320 2642; x_wconf 86' lang='lat' dir='ltr'><em>rd</em></span> <span class='ocrx_word' id='word_1_244' title='bbox 337 2581 405 2645; x_wconf 91' lang='lat' dir='ltr'><em>quod</em></span> <span class='ocrx_word' id='word_1_245' title='bbox 416 2581 536 2648; x_wconf 85' lang='lat' dir='ltr'><em>placebat,</em></span> <span class='ocrx_word' id='word_1_246' title='bbox 554 2580 730 2639; x_wconf 81' lang='lat' dir='ltr'><em>decernerent</em></span> <span class='ocrx_word' id='word_1_247' title='bbox 722 2598 749 2633; x_wconf 85' lang='grc' dir='ltr'><em>ιιι</em></span> <span class='ocrx_word' id='word_1_248' title='bbox 765 2593 843 2637; x_wconf 81' lang='lat' dir='ltr'><em>tantae</em></span> 
     </span>
     <span class='ocr_line' id='line_1_33' title="bbox 93 2653 842 2727; baseline 0.013 -25"><span class='ocrx_word' id='word_1_249' title='bbox 93 2653 229 2703; x_wconf 85' lang='lat' dir='ltr'><em>nobilitatis</em></span> <span class='ocrx_word' id='word_1_250' title='bbox 241 2657 310 2720; x_wconf 84' lang='lat' dir='ltr'><em>viris,</em></span> <span class='ocrx_word' id='word_1_251' title='bbox 326 2657 432 2707; x_wconf 83' lang='lat' dir='ltr'><em>ambitio</em></span> <span class='ocrx_word' id='word_1_252' title='bbox 443 2657 563 2708; x_wconf 81' lang='lat' dir='ltr'><em>obstabat.</em></span> <span class='ocrx_word' id='word_1_253' title='bbox 588 2661 683 2725; x_wconf 84' lang='lat' dir='ltr'><em>ltaque,</em></span> <span class='ocrx_word' id='word_1_254' title='bbox 692 2674 723 2708; x_wconf 89' lang='lat' dir='ltr'><em>ne</em></span> <span class='ocrx_word' id='word_1_255' title='bbox 733 2675 808 2727; x_wconf 86' lang='lat' dir='ltr'><em>penes</em></span> <span class='ocrx_word' id='word_1_256' title='bbox 819 2661 842 2712; x_wconf 88' lang='lat' dir='ltr'><em>i·</em></span> 
     </span>
     <span class='ocr_line' id='line_1_34' title="bbox 94 2731 841 2804; baseline 0.015 -25"><span class='ocrx_word' id='word_1_257' title='bbox 94 2731 150 2799; x_wconf 87' lang='lat' dir='ltr'><em>psos</em></span> <span class='ocrx_word' id='word_1_258' title='bbox 162 2731 234 2799; x_wconf 86' lang='lat' dir='ltr'><em>culpa</em></span> <span class='ocrx_word' id='word_1_259' title='bbox 245 2733 302 2784; x_wconf 83' lang='lat' dir='ltr'><em>esset</em></span> <span class='ocrx_word' id='word_1_260' title='bbox 313 2733 387 2784; x_wconf 87' lang='lat' dir='ltr'><em>cladis</em></span> <span class='ocrx_word' id='word_1_261' title='bbox 401 2734 465 2786; x_wconf 74' lang='lat' dir='ltr'><em>forti</em></span> <span class='ocrx_word' id='word_1_262' title='bbox 480 2736 578 2786; x_wconf 88' lang='lat' dir='ltr'><em>Gallico</em></span> <span class='ocrx_word' id='word_1_263' title='bbox 588 2736 654 2787; x_wconf 90' lang='lat' dir='ltr'><em>bello</em></span> <span class='ocrx_word' id='word_1_264' title='bbox 665 2747 779 2804; x_wconf 77' lang='lat' dir='ltr'><em>acceptae,</em></span> <span class='ocrx_word' id='word_1_265' title='bbox 796 2731 841 2791; x_wconf 77' lang='lat' dir='ltr'><em>cd·</em></span> 
     </span>
     <span class='ocr_line' id='line_1_35' title="bbox 93 2809 841 2882; baseline 0.015 -25"><span class='ocrx_word' id='word_1_266' title='bbox 93 2809 231 2873; x_wconf 86' lang='lat' dir='ltr'><em>gnitionem</em></span> <span class='ocrx_word' id='word_1_267' title='bbox 241 2811 272 2860; x_wconf 88' lang='lat' dir='ltr'><em>de</em></span> <span class='ocrx_word' id='word_1_268' title='bbox 291 2813 415 2879; x_wconf 79' lang='lat' dir='ltr'><em>postulatio</em></span> <span class='ocrx_word' id='word_1_269' title='bbox 432 2813 564 2864; x_wconf 82' lang='lat' dir='ltr'><em>Gallorum</em></span> <span class='ocrx_word' id='word_1_270' title='bbox 575 2815 606 2865; x_wconf 90' lang='lat' dir='ltr'><em>ad</em></span> <span class='ocrx_word' id='word_1_271' title='bbox 623 2813 743 2882; x_wconf 90' lang='lat' dir='ltr'><em>populum</em></span> <span class='ocrx_word' id='word_1_272' title='bbox 758 2816 841 2881; x_wconf 87' lang='lat' dir='ltr'><em>rejici·</em></span> 
     </span>
     <span class='ocr_line' id='line_1_36' title="bbox 92 2886 840 2971; baseline 0.015 -35"><span class='ocrx_word' id='word_1_273' title='bbox 92 2896 147 2936; x_wconf 87' lang='lat' dir='ltr'><em>unt</em></span> <span class='ocrx_word' id='word_1_274' title='bbox 164 2886 208 2937; x_wconf 84' lang='lat' dir='ltr'><em>ubr</em></span> <span class='ocrx_word' id='word_1_275' title='bbox 217 2898 287 2941; x_wconf 88' lang='lat' dir='ltr'><em>tanto</em></span> <span class='ocrx_word' id='word_1_276' title='bbox 297 2890 351 2956; x_wconf 85' lang='lat' dir='ltr'><em>plus</em></span> <span class='ocrx_word' id='word_1_277' title='bbox 363 2891 442 2954; x_wconf 79' lang='lat' dir='ltr'><em>gratia</em></span> <span class='ocrx_word' id='word_1_278' title='bbox 450 2901 524 2958; x_wconf 85' lang='lat' dir='ltr'><em>atque</em></span> <span class='ocrx_word' id='word_1_279' title='bbox 533 2905 593 2958; x_wconf 76' lang='lat' dir='ltr'><em>opes</em></span> <span class='ocrx_word' id='word_1_280' title='bbox 601 2891 710 2958; x_wconf 81' lang='lat' dir='ltr'><em>valuere</em></span> <span class='ocrx_word' id='word_1_281' title='bbox 726 2903 755 2943; x_wconf 90' lang='lat' dir='ltr'><em>ut</em></span> <span class='ocrx_word' id='word_1_282' title='bbox 755 2910 840 2971; x_wconf 75' lang='lat' dir='ltr'><em>,quq-</em></span> 
     </span>
     <span class='ocr_line' id='line_1_37' title="bbox 91 2963 839 3042; baseline 0.008 -24"><span class='ocrx_word' id='word_1_283' title='bbox 91 2971 152 3018; x_wconf 84' lang='lat' dir='ltr'><em>tum</em></span> <span class='ocrx_word' id='word_1_284' title='bbox 159 2963 190 3018; x_wconf 86' lang='lat' dir='ltr'><em>de</em></span> <span class='ocrx_word' id='word_1_285' title='bbox 206 2979 277 3036; x_wconf 82' lang='lat' dir='ltr'><em>poena</em></span> <span class='ocrx_word' id='word_1_286' title='bbox 288 2967 415 3035; x_wconf 83' lang='lat' dir='ltr'><em>agebatur,</em></span> <span class='ocrx_word' id='word_1_287' title='bbox 431 2968 526 3021; x_wconf 84' lang='lat' dir='ltr'><em>tribuni</em></span> <span class='ocrx_word' id='word_1_288' title='bbox 535 2969 643 3025; x_wconf 86' lang='lat' dir='ltr'><em>militum</em></span> <span class='ocrx_word' id='word_1_289' title='bbox 653 2970 790 3025; x_wconf 85' lang='lat' dir='ltr'><em>consulari</em></span> <span class='ocrx_word' id='word_1_290' title='bbox 781 2987 839 3042; x_wconf 90' lang='lat' dir='ltr'><em>po·</em></span> 
     </span>
    </p>
   </div>
   <div class='ocr_carea' id='block_1_3' title="bbox 445 3047 839 3118">
    <p class='ocr_par' dir='ltr' id='par_1_3' title="bbox 445 3047 839 3118">
     <span class='ocr_line' id='line_1_38' title="bbox 445 3047 839 3118; baseline 0.023 -21"><span class='ocrx_word' id='word_1_291' title='bbox 445 3047 502 3112; x_wconf 76' lang='lat'><em>⁰4</em></span> <span class='ocrx_word' id='word_1_292' title='bbox 571 3075 573 3083; x_wconf 46' lang='grc' dir='ltr'><em>ι</em></span> <span class='ocrx_word' id='word_1_293' title='bbox 749 3048 839 3118; x_wconf 73' lang='lat' dir='ltr'><em>atate,</em></span> 
     </span>
    </p>
   </div>
   <div class='ocr_carea' id='block_1_4' title="bbox 940 3192 963 3501">
    <p class='ocr_par' dir='ltr' id='par_1_4' title="bbox 940 3192 963 3501">
     <span class='ocr_line' id='line_1_39' title="bbox 940 3192 963 3226; baseline 0 -16"><span class='ocrx_word' id='word_1_294' title='bbox 940 3192 963 3226; x_wconf 66' lang='lat' dir='ltr'><em>&#39;f</em></span> 
     </span>
     <span class='ocr_line' id='line_1_40' title="bbox 953 3491 960 3501; baseline 0 0"><span class='ocrx_word' id='word_1_295' title='bbox 953 3491 960 3501; x_wconf 42' lang='grc' dir='ltr'><em>ι</em></span> 
     </span>
    </p>
   </div>
   <div class='ocr_carea' id='block_1_5' title="bbox 0 0 986 3660">
    <p class='ocr_par' dir='ltr' id='par_1_5' title="bbox 0 0 986 3660">
     <span class='ocr_line' id='line_1_41' title="bbox 0 0 986 3660; baseline 0 4"><span class='ocrx_word' id='word_1_296' title='bbox 0 0 986 3660; x_wconf 95' lang='lat' dir='ltr'><em> </em></span> 
     </span>
    </p>
   </div>
  </div>
 </body>
</html>
