1964 3660
354 192 378 243 Ι.
395 195 408 244 Ι
424 196 443 244 Β
460 195 522 247 ER
553 197 578 247 1.
806 219 839 265 41

93 276 189 328 divitiis
197 288 293 346 potens,
310 281 415 336 Romam
433 283 615 348 commigravit,
633 284 749 352 cupidine
759 290 842 340 maxi·

93 356 170 403 meac
182 352 224 420 spe
241 356 324 418 magni
333 357 441 422 honoris,
454 359 523 421 cuju
537 358 685 426 adipiscendi
697 365 842 428 Tarquiniis

93 427 161 488 (nam
175 430 211 479 ibi
226 446 325 496 quoque
338 434 466 498 peregrini
475 434 547 501 slirpe
562 436 679 486 oriundus
691 443 751 504 erat)
763 437 843 490 facui-

94 514 131 554 tar
141 507 290 558 nonsuerat.
314 512 441 560 Damarati
453 512 576 562 Corinthii
588 512 651 562 filius
659 526 724 576 erat;
742 517 793 580 qui,
805 516 845 568 ob

95 580 226 634 seditiones
237 585 313 637 domo
324 586 450 653 profugus,
463 603 540 653 quum
553 591 694 654 Tarquiniis
705 591 769 641 sorte
780 608 840 642 eon-

94 655 196 724 sedisset,
214 675 294 710 uxore
310 662 345 711 ibi
361 661 433 712 dunt
448 663 510 714 duos
524 663 588 717 filios
604 667 696 729 genuit.
731 669 841 718 Nomina

95 732 133 783 hia
144 738 258 787 Lucumo
269 748 343 805 atque
355 743 435 788 Aruns
446 739 554 789 suerunt.
577 794 582 802 ,
594 743 708 791 Lucumo
722 741 842 810 superfuit

89 811 162 886 patri,
181 813 306 865 bonorum
325 816 437 866 omnium
455 817 550 866 hares:
569 819 649 867 Aruns
662 819 740 883 prior,
764 825 840 883 qu'am

95 897 172 952 pater,
184 891 304 952 moritur;
321 905 401 942 uxore
411 891 515 956 gravidi
525 891 614 955 reliild.
641 895 694 943 Nee
706 892 748 942 diu
759 903 842 944 manet

96 960 213 1029 superstes
225 966 281 1016 ,filio
293 977 379 1035 pater:
399 969 442 1033 qui
454 983 539 1033 quum,
551 968 665 1032 ignorans
681 983 770 1018 nurum
782 985 842 1019 ven-

96 1048 161 1089 trem
179 1041 250 1106 serre,
267 1044 400 1095 immemor
417 1044 444 1093 in
460 1041 570 1094 testando
587 1044 686 1110 nepotis
707 1041 845 1108 decesisset,

96 1133 182 1184 puero,
192 1119 244 1184 posi
255 1119 297 1168 avi
308 1128 421 1183 mortem,
432 1121 458 1169 in
467 1119 560 1170 nutam
569 1118 660 1170 sortem
671 1119 795 1170 bonorum
802 1135 846 1167 na-

96 1206 133 1259 to,
144 1194 175 1244 ab
184 1195 484 1269 inopia-Egerioinditum
495 1211 596 1247 nomen,
629 1197 771 1245 Lucumoni
783 1209 842 1243 con·

96 1276 141 1335 tra,
153 1272 265 1343 omnium
274 1271 363 1322 baeredi
375 1271 507 1338 bonorum,
523 1287 600 1338 quum
610 1270 706 1322 divitiae
720 1272 772 1336 jam
789 1271 843 1319 ani-

94 1363 150 1398 mos
166 1347 280 1412 facerent,
297 1349 368 1399 auxit
384 1346 456 1398 duiia
465 1348 491 1398 in
507 1348 694 1398 matrimonium
705 1346 845 1412 Tanaquil,

96 1425 193 1477 summo
204 1424 261 1475 loco
271 1435 337 1489 nata,
356 1424 381 1474 dt
392 1439 445 1489 quae
457 1423 522 1472 haud
532 1422 603 1474 facile
613 1422 650 1487 iis,
665 1425 691 1472 in
703 1424 790 1489 quibus
801 1438 843 1471 na·

95 1512 122 1552 ta
132 1512 191 1566 erat,
203 1501 333 1552 humiliora
341 1500 427 1551 sineret
435 1516 472 1564 ea,
481 1515 535 1565 quae
547 1499 696 1568 innupfisset.
723 1505 844 1565 Spernen-

95 1580 161 1629 nbur
172 1577 278 1630 Etruscis
286 1581 466 1642 Lucumonem,
476 1576 560 1627 exsule
570 1577 666 1626 adveni
678 1587 769 1639 ortum,
779 1576 843 1624 serre

95 1658 266 1723 indignitatem
282 1673 333 1708 non
349 1657 445 1724 potuit,
464 1653 590 1719 oblitaque
606 1655 721 1717 ingenitae
732 1667 788 1716 erga
799 1667 844 1719 pa-

93 1736 168 1785 triam
184 1734 298 1797 caritatis,
315 1731 452 1784 dummodo
470 1733 554 1782 virum
572 1732 722 1780 honoratum
738 1728 845 1790 videret,

19 1869 22 1873 ,
94 1805 223 1858 confilium
230 1807 352 1872 migrandi
362 1809 395 1858 ab
406 1807 550 1875 Tarquiniis
561 1806 636 1873 cepit.
671 1809 753 1854 Roma
768 1804 801 1852 est
811 1804 851 1860 adt

95 1885 122 1935 id
133 1885 286 1952 potissimum
300 1884 363 1934 visa.
382 1887 489 1935 innovo
499 1883 601 1950 populo,
611 1883 655 1930 ubi
667 1883 747 1932 omnis
757 1896 845 1945 repen·

94 1961 148 2011 tina
158 1971 232 2024 atquc
244 1973 277 2006 ex
293 1959 386 2006 virtute
397 1957 511 2007 nobilitas
518 1955 557 2018 sit,
575 1953 848 2005 turunmlocumforti

60 2050 63 2055 ·
93 2053 124 2088 ae
132 2038 231 2087 strenuo
242 2034 314 2083 viro:
330 2031 436 2098 regnasse
450 2032 555 2081 Tatium
564 2031 693 2079 Sabinum:
710 2029 847 2082 arcetiitum
947 2052 950 2060 =

95 2114 122 2164 in
133 2127 239 2177 regnum
249 2113 357 2162 Numam
366 2115 381 2160 a
390 2109 509 2159 Curibus:
526 2107 552 2158 dt
560 2110 661 2157 Ancum
672 2105 760 2156 Sabini
768 2114 848 2158 matra

95 2203 190 2255 ortum
207 2189 364 2255 nobilemque
382 2188 433 2238 uni
450 2186 559 2251 inagine
570 2186 659 2236 Numa
673 2183 729 2235 esse.
763 2183 846 2237 Facile

97 2267 232 2336 persuadet,
239 2278 268 2318 ut
278 2265 371 2334 cupido
381 2266 512 2327 botrorum,
527 2263 552 2315 dr
563 2263 603 2313 cui
614 2260 745 2328 Tarquinii
752 2270 845 2312 meter·

97 2350 233 2396 natantum
250 2342 328 2412 patria
339 2342 405 2394 esset.
439 2342 542 2393 Sublatis
556 2341 721 2407 itaquerebus
737 2337 843 2391 cornmi-

98 2433 169 2488 grant
180 2425 294 2472 Romam.
325 2419 365 2471 Ad
376 2421 516 2487 Janieulum
533 2419 598 2472 forte
605 2430 709 2470 ventum
720 2427 782 2466 erat.
807 2413 848 2465 ibi

96 2502 128 2566 ei,
137 2509 252 2567 carpento
260 2498 352 2550 sedenti
361 2514 419 2550 cum
427 2514 514 2564 uxore,
520 2500 610 2565 aquila,
616 2495 731 2566 suspensis
743 2493 846 2545 demissa

98 2578 184 2627 leniter
199 2578 251 2639 alis,
268 2578 359 2644 pileum
367 2577 462 2629 aufert:
483 2564 602 2646 superque
621 2585 767 2644 carpentum
784 2584 843 2619 cum

97 2669 189 2718 magno
200 2654 313 2719 clangore
323 2657 437 2720 volitans,
454 2656 543 2721 rursus,
554 2656 623 2705 velut
633 2650 767 2702 ministerio
778 2645 845 2694 divi-

98 2732 164 2781 nitus
180 2732 256 2796 missa,
272 2735 346 2800 capiti
365 2739 421 2800 apte
437 2735 543 2801 reponit.
571 2730 628 2780 inde
649 2725 757 2776 sublimis
773 2720 844 2770 abiit.

85 2807 225 2874 ¹Accepisse
245 2808 270 2858 id
288 2811 420 2874 augurium
432 2811 486 2859 laeta
507 2809 598 2858 dicitur
608 2801 742 2867 Tanaquil,
758 2798 844 2866 perita,

98 2894 127 2933 ut
138 2885 214 2948 vulgo
225 2886 328 2948 Etrusci,
338 2884 469 2934 coelestium
480 2883 651 2949 prodigiorum
662 2878 757 2925 mulier.
791 2878 844 2926 Ex·

100 2957 163 3012 celsa
173 2961 199 3014 dr
214 2962 263 3013 alta
279 2963 375 3033 sperare
386 2959 518 3029 complexa
528 2959 613 3009 vnum
625 2955 713 3021 jubet,
732 2970 787 3006 eam
800 2953 846 3003 ali·

790 3050 841 3093 tem
