1964 3660
170 251 220 314 ἰιι
428 246 657 299 ⁷1¹.L1vt1

169 341 250 391 manis
259 351 337 404 poenae
348 333 456 386 hostibus
465 335 598 385 redditum.
632 340 681 386 Res
691 336 756 387 bello
762 333 827 387 benc
839 334 919 405 geli}

168 429 199 468 ut
209 417 325 466 Samnites
335 430 432 480 quoque
441 416 575 464 amicitiam
583 414 700 481 peterent,
711 416 854 465 effecemnt.
867 420 919 466 tc·

169 495 234 559 gatis
245 507 331 542 eorum
348 495 453 541 comitet
466 493 498 542 ab
513 490 598 540 senatu
606 490 765 558 responsum:
783 491 872 542 soedcre
889 494 917 542 in

168 571 312 621 societatem
329 570 432 635 accepti.
468 571 528 619 Non
541 568 630 618 eadem
647 569 725 632 domi,
742 584 797 635 qua
813 571 916 632 militiae,

153 647 269 699 ¹sortunn
280 644 332 696 erat
346 647 412 715 plebi
424 650 551 697 Romana.
574 662 632 696 nam
643 647 695 708 etfi,
713 648 826 697 unciario
837 647 917 697 ioeno·

168 738 196 777 re
208 726 280 788 saiio,
297 725 381 774 leva-ta
391 722 463 774 usura
474 735 534 789 erat,
552 723 617 774 sorte
631 725 683 791 ipsi
699 724 885 774 obruebantur
878 738 917 773 in·

168 819 238 871 opes,
256 817 397 869 nexumque
409 803 514 852 inibant
542 817 573 851 eo
584 816 629 852 nec
641 802 757 867 patricios
767 801 844 850 ambo
855 815 916 850 con·

167 879 240 944 sulec,
258 897 336 947 neque
348 873 608 943 comitiontmcura'm,
626 878 758 967 publicave
775 878 851 927 siudia
866 891 917 943 prat

166 959 273 1023 privatis
301 956 464 1007 incommodis
483 957 552 1023 plebs
576 955 607 1006 ad
629 957 738 1005 animum
758 952 914 1004 admittebat

168 1036 319 1086 Consulatus
334 1046 437 1100 uterque
456 1034 522 1101 apud
539 1033 665 1101 patricios'
669 1043 762 1082 manet.
797 1031 916 1081 Consules

166 1112 245 1159 creati
255 1115 285 1159 C.
302 1109 420 1175 Sulpicius
432 1109 534 1158 Peticus
548 1113 672 1173 quartum,
690 1111 729 1156 M.
742 1107 854 1156 Valerius
867 1109 915 1154 Pu·

167 1186 259 1236 blicola
272 1186 370 1234 iterum.
405 1188 435 1234 ln
446 1186 538 1235 bellum
549 1184 678 1234 Etruscum
692 1185 812 1233 intentam
826 1182 915 1233 civita·

167 1274 228 1326 tem‚
246 1264 304 1328 quia
318 1262 434 1312 Caeritem
443 1263 563 1329 populum
571 1259 917 1322 misericordibconsanguini·

166 1340 225 1390 tatis
238 1329 459 1400 'Tarquiniensibus
475 1336 616 1399 adjunilum
636 1337 702 1385 sama
721 1335 824 1398 serebat,
840 1334 916 1398 legati

165 1414 252 1466 Latini
270 1413 300 1461 nd
314 1411 416 1461 Volscos
435 1423 590 1475 convertere,
606 1412 760 1476 nunciantes,
778 1412 916 1461 exercitum

165 1489 333 1554 conscriptum
352 1497 522 1553 armatumque
536 1488 589 1550 jam
606 1487 654 1534 suis
666 1488 755 1535 finibus
771 1489 915 1538 imminere:

166 1565 225 1616 ind'c
234 1562 421 1631 populabundos
432 1563 457 1611 in
472 1576 558 1627 agrum
572 1564 714 1611 Romanum
729 1575 850 1614 venturos
859 1563 914 1614 elle.

166 1643 270 1694 Censuit
279 1643 354 1705 igitur
365 1639 468 1702 senatus,
478 1650 594 1689 neutram
605 1639 776 1703 negligendam
787 1657 839 1691 rem
850 1642 914 1691 esset

165 1722 275 1785 utroque
285 1717 394 1782 legiones
406 1715 487 1779 scribi,
504 1715 664 1781 consulesque
678 1717 759 1766 sortiri
772 1719 916 1784 provincias

164 1794 572 1864 juffit.1nclinavitdeindepaus
583 1795 664 1856 major
672 1796 773 1846 cutaein
785 1796 916 1845 Etruscum

166 1875 277 1933 bellum;
294 1873 422 1961 postquam
440 1872 515 1920 literis
532 1871 633 1937 Sulpicii
648 1869 766 1934 consulit,
790 1873 830 1920 cui
848 1875 915 1922 Tar·

166 1951 247 2016 quinii
259 1950 391 2034 provincia
402 1958 527 2009 evenerat,
544 1947 673 2010 cognitum
680 1947 722 2008 cst
738 1945 916 2013 depopulatum

166 2037 256 2087 agrum
275 2024 340 2072 circa
360 2025 484 2072 Romanas
506 2019 604 2084 Salinas,
623 2012 757 2087 praedaequc
773 2031 868 2086 partem
886 2021 916 2071 in

167 2102 285 2150 Caeritum
295 2099 353 2148 fines
365 2097 483 2167 aveflam,
502 2097 527 2147 dt
538 2097 603 2147 haud
615 2096 705 2146 dubie
695 2106 853 2160 juventutem
861 2098 916 2161 ejus

103 2205 110 2211 ·
165 2178 273 2244 populi'
267 2187 331 2224 inter
337 2174 492 2241 praetlatotet
503 2174 583 2223 luisse.
609 2177 705 2240 ⁴Itaque
714 2175 840 2224 Valerium
852 2189 915 2226 con·

165 2251 252 2312 sulem,
271 2250 366 2299 Volscis
379 2249 528 2317 oppofitum,
545 2250 668 2316 castraque
682 2250 713 2301 ad
728 2250 803 2300 finem
814 2250 914 2301 Tuscu-

165 2327 251 2376 lanum
261 2325 401 2389 habentem,
418 2337 565 2376 revocatum
578 2327 639 2376 'iude
656 2327 751 2377 senatus
767 2325 915 2379 dictatorem

140 2388 143 2395 ’
165 2404 248 2454 dicere
257 2402 330 2466 juffit.
366 2406 402 2452 T.
415 2403 539 2453 Manlium
551 2407 583 2454 L.
592 2403 672 2455 filium
680 2404 753 2457 dixit.
787 2407 820 2467 Is,
833 2415 913 2470 quum

164 2482 211 2533 sibi
222 2482 484 2548 magistrum'cquitum
496 2485 684 2535 momeliam
696 2482 797 2534 Collum
805 2481 914 2548 dixisset,

164 2561 288 2613 consulari
307 2560 418 2610 exercitu
435 2564 572 2624 contentus,
591 2576 624 2611 ex
642 2561 787 2612 auctoritate
811 2563 914 2612 Panum

164 2653 196 2688 ac
208 2639 294 2704 populi
301 2637 365 2700 juffu
375 2638 503 2686 Caeritibus
516 2638 608 2687 bellum
618 2638 720 2688 indixit.
756 2658 759 2663 ·

199 2719 259 2764 XX.
279 2715 465 2780 Tum'ptimum
476 2715 582 2778 Caetite's,
595 2725 716 2780 tanquam
725 2715 753 2766 in
767 2714 913 2768 verbis-hn-

82 2787 88 2803 “
164 2790 238 2841 siium
247 2792 284 2840 vis
298 2790 378 2852 major
388 2789 418 2838 ad
436 2791 526 2840 bellum
535 2791 729 2856 significandum,
745 2792 853 2857 quanin
864 2790 914 2843 suis

164 2867 243 2930 fatiis,
262 2868 303 2932 qui
318 2882 361 2932 per
370 2868 555 2932 populationem
565 2872 692 2921 Romanoa
701 2869 863 2932 lacessierunt,
873 2867 914 2923 es·

165 2943 210 3006 sct,
227 2960 299 2993 verus
309 2944 373 2993 belli
391 2951 470 2995 tenor
485 2945 591 2995 invafit:
610 2946 645 3009 ἃ,
660 2950 741 3012 quam·
746 2960 798 3001 non
812 2945 917 3001 suarum

163 3022 258 3076 uitium
272 3030 302 3074 ea
315 3019 444 3079 dimicatio
459 3023 527 3092 effe,
542 3023 693 3083 cerni-'bauti
723 3023 914 3161 Ραιιίιιὶιιιέζι

519 3146 525 3156 =
804 3115 856 3170 1²⁰9
