<?xml version="1.0" encoding="UTF-8"?>
<!DOCTYPE html PUBLIC "-//W3C//DTD XHTML 1.0 Transitional//EN"
    "http://www.w3.org/TR/xhtml1/DTD/xhtml1-transitional.dtd">
<html xmlns="http://www.w3.org/1999/xhtml" xml:lang="en" lang="en">
 <head>
  <title>
</title>
<meta http-equiv="Content-Type" content="text/html;charset=utf-8" />
  <meta name='ocr-system' content='tesseract 3.04.00' />
  <meta name='ocr-capabilities' content='ocr_page ocr_carea ocr_par ocr_line ocrx_word'/>
</head>
<body>
  <div class='ocr_page' id='page_1' title='image "./titiliviipatavi00livygoog_0211.png"; bbox 0 0 1964 3660; ppageno 0'>
   <div class='ocr_carea' id='block_1_1' title="bbox 151 182 704 256">
    <p class='ocr_par' dir='ltr' id='par_1_1' title="bbox 151 182 704 256">
     <span class='ocr_line' id='line_1_1' title="bbox 151 182 704 256; baseline -0.004 -1"><span class='ocrx_word' id='word_1_1' title='bbox 151 212 203 256; x_wconf 49' lang='grc' dir='ltr'>που</span> <span class='ocrx_word' id='word_1_2' title='bbox 408 201 445 253; x_wconf 85' lang='grc' dir='ltr'>τ.</span> <span class='ocrx_word' id='word_1_3' title='bbox 478 199 637 254; x_wconf 76' lang='lat' dir='ltr'>ntvrr</span> <span class='ocrx_word' id='word_1_4' title='bbox 702 182 704 186; x_wconf 81' lang='grc'><strong>’</strong></span> 
     </span>
    </p>
   </div>
   <div class='ocr_carea' id='block_1_2' title="bbox 149 287 898 506">
    <p class='ocr_par' dir='ltr' id='par_1_2' title="bbox 149 287 898 506">
     <span class='ocr_line' id='line_1_2' title="bbox 149 287 898 356; baseline -0.004 -15"><span class='ocrx_word' id='word_1_5' title='bbox 149 292 196 341; x_wconf 80' lang='lat' dir='ltr'>llra</span> <span class='ocrx_word' id='word_1_6' title='bbox 216 289 321 356; x_wconf 89' lang='lat' dir='ltr'>spatium</span> <span class='ocrx_word' id='word_1_7' title='bbox 339 287 392 338; x_wconf 84' lang='lat' dir='ltr'>acie</span> <span class='ocrx_word' id='word_1_8' title='bbox 411 289 523 341; x_wconf 66' lang='lat' dir='ltr'>insimili</span> <span class='ocrx_word' id='word_1_9' title='bbox 542 288 708 356; x_wconf 80' lang='lat' dir='ltr'>complebant.</span> <span class='ocrx_word' id='word_1_10' title='bbox 735 288 898 354; x_wconf 85' lang='lat' dir='ltr'>provocanti·</span> 
     </span>
     <span class='ocr_line' id='line_1_3' title="bbox 150 364 897 432; baseline -0.005 -16"><span class='ocrx_word' id='word_1_11' title='bbox 150 368 245 432; x_wconf 89' lang='lat' dir='ltr'>busque</span> <span class='ocrx_word' id='word_1_12' title='bbox 255 365 286 414; x_wconf 83' lang='lat' dir='ltr'>ad</span> <span class='ocrx_word' id='word_1_13' title='bbox 304 366 416 432; x_wconf 87' lang='lat' dir='ltr'>proelium</span> <span class='ocrx_word' id='word_1_14' title='bbox 432 364 575 432; x_wconf 87' lang='lat' dir='ltr'>responsum</span> <span class='ocrx_word' id='word_1_15' title='bbox 591 369 717 415; x_wconf 83' lang='lat' dir='ltr'>Romanus</span> <span class='ocrx_word' id='word_1_16' title='bbox 728 380 800 414; x_wconf 91' lang='lat' dir='ltr'>nemo</span> <span class='ocrx_word' id='word_1_17' title='bbox 811 365 897 414; x_wconf 87' lang='lat' dir='ltr'>redde-</span> 
     </span>
     <span class='ocr_line' id='line_1_4' title="bbox 151 439 897 506; baseline -0.007 -15"><span class='ocrx_word' id='word_1_18' title='bbox 151 444 203 491; x_wconf 88' lang='lat' dir='ltr'>bat.</span> <span class='ocrx_word' id='word_1_19' title='bbox 239 443 353 491; x_wconf 83' lang='lat' dir='ltr'>Tandem</span> <span class='ocrx_word' id='word_1_20' title='bbox 370 441 467 505; x_wconf 79' lang='lat' dir='ltr'>fatigati</span> <span class='ocrx_word' id='word_1_21' title='bbox 484 439 576 502; x_wconf 80' lang='lat' dir='ltr'>stando,</span> <span class='ocrx_word' id='word_1_22' title='bbox 593 456 622 490; x_wconf 89' lang='lat' dir='ltr'>ac</span> <span class='ocrx_word' id='word_1_23' title='bbox 637 443 801 506; x_wconf 76' lang='lat' dir='ltr'>nequicquam</span> <span class='ocrx_word' id='word_1_24' title='bbox 811 441 897 506; x_wconf 83' lang='lat' dir='ltr'>exspe-</span> 
     </span>
    </p>
   </div>
   <div class='ocr_carea' id='block_1_3' title="bbox 150 514 976 584">
    <p class='ocr_par' dir='ltr' id='par_1_3' title="bbox 150 514 976 584">
     <span class='ocr_line' id='line_1_5' title="bbox 150 514 976 584; baseline -0.006 -16"><span class='ocrx_word' id='word_1_25' title='bbox 150 517 239 568; x_wconf 74' lang='lat' dir='ltr'>trando</span> <span class='ocrx_word' id='word_1_26' title='bbox 256 528 388 582; x_wconf 87' lang='lat' dir='ltr'>certamen,</span> <span class='ocrx_word' id='word_1_27' title='bbox 408 518 484 584; x_wconf 81' lang='lat' dir='ltr'>AEqui</span> <span class='ocrx_word' id='word_1_28' title='bbox 500 516 642 583; x_wconf 85' lang='lat' dir='ltr'>Volscique,</span> <span class='ocrx_word' id='word_1_29' title='bbox 659 519 785 584; x_wconf 86' lang='lat' dir='ltr'>postquam</span> <span class='ocrx_word' id='word_1_30' title='bbox 797 514 897 566; x_wconf 87' lang='lat' dir='ltr'>conces·</span> <span class='ocrx_word' id='word_1_31' title='bbox 968 536 976 552; x_wconf 79' lang='lat'><strong>·</strong></span> 
     </span>
    </p>
   </div>
   <div class='ocr_carea' id='block_1_4' title="bbox 149 594 967 1048">
    <p class='ocr_par' dir='ltr' id='par_1_4' title="bbox 149 594 967 1048">
     <span class='ocr_line' id='line_1_6' title="bbox 150 594 897 662; baseline -0.007 -17"><span class='ocrx_word' id='word_1_32' title='bbox 150 596 204 646; x_wconf 87' lang='lat' dir='ltr'>sum</span> <span class='ocrx_word' id='word_1_33' title='bbox 215 595 396 662; x_wconf 84' lang='lat' dir='ltr'>propemodum</span> <span class='ocrx_word' id='word_1_34' title='bbox 415 594 446 644; x_wconf 89' lang='lat' dir='ltr'>de</span> <span class='ocrx_word' id='word_1_35' title='bbox 459 594 565 646; x_wconf 68' lang='lat' dir='ltr'>victoria</span> <span class='ocrx_word' id='word_1_36' title='bbox 576 595 714 657; x_wconf 81' lang='lat' dir='ltr'>credebant,</span> <span class='ocrx_word' id='word_1_37' title='bbox 731 610 785 661; x_wconf 81' lang='lat' dir='ltr'>pars</span> <span class='ocrx_word' id='word_1_38' title='bbox 796 595 822 643; x_wconf 88' lang='lat' dir='ltr'>in</span> <span class='ocrx_word' id='word_1_39' title='bbox 834 596 897 642; x_wconf 85' lang='lat' dir='ltr'>ller-</span> 
     </span>
     <span class='ocr_line' id='line_1_7' title="bbox 150 671 898 740; baseline -0.004 -18"><span class='ocrx_word' id='word_1_40' title='bbox 150 674 229 736; x_wconf 88' lang='lat' dir='ltr'>nicos,</span> <span class='ocrx_word' id='word_1_41' title='bbox 247 688 302 739; x_wconf 77' lang='lat' dir='ltr'>pare</span> <span class='ocrx_word' id='word_1_42' title='bbox 321 675 348 722; x_wconf 90' lang='lat' dir='ltr'>in</span> <span class='ocrx_word' id='word_1_43' title='bbox 359 673 462 723; x_wconf 84' lang='lat' dir='ltr'>Latinos</span> <span class='ocrx_word' id='word_1_44' title='bbox 481 673 616 740; x_wconf 82' lang='lat' dir='ltr'>ptaedatum</span> <span class='ocrx_word' id='word_1_45' title='bbox 630 673 730 722; x_wconf 84' lang='lat' dir='ltr'>abeunt.</span> <span class='ocrx_word' id='word_1_46' title='bbox 753 671 898 736; x_wconf 79' lang='lat' dir='ltr'>relinquitur</span> 
     </span>
     <span class='ocr_line' id='line_1_8' title="bbox 149 747 897 818; baseline -0.008 -16"><span class='ocrx_word' id='word_1_47' title='bbox 149 753 230 816; x_wconf 76' lang='lat' dir='ltr'>magis</span> <span class='ocrx_word' id='word_1_48' title='bbox 246 749 327 800; x_wconf 78' lang='lat' dir='ltr'>castris</span> <span class='ocrx_word' id='word_1_49' title='bbox 342 749 486 818; x_wconf 80' lang='lat' dir='ltr'>praelidium,</span> <span class='ocrx_word' id='word_1_50' title='bbox 502 757 577 816; x_wconf 77' lang='lat' dir='ltr'>qudrn</span> <span class='ocrx_word' id='word_1_51' title='bbox 594 749 649 801; x_wconf 84' lang='lat' dir='ltr'>satis</span> <span class='ocrx_word' id='word_1_52' title='bbox 661 751 752 798; x_wconf 79' lang='lat' dir='ltr'>virium</span> <span class='ocrx_word' id='word_1_53' title='bbox 772 747 803 799; x_wconf 87' lang='lat' dir='ltr'>ad</span> <span class='ocrx_word' id='word_1_54' title='bbox 819 759 897 797; x_wconf 81' lang='lat' dir='ltr'>certa-</span> 
     </span>
     <span class='ocr_line' id='line_1_9' title="bbox 150 827 967 895; baseline -0.011 -14"><span class='ocrx_word' id='word_1_55' title='bbox 150 845 217 881; x_wconf 91' lang='lat' dir='ltr'>rnen.</span> <span class='ocrx_word' id='word_1_56' title='bbox 241 827 308 895; x_wconf 87' lang='lat' dir='ltr'>quod</span> <span class='ocrx_word' id='word_1_57' title='bbox 320 830 363 877; x_wconf 87' lang='lat' dir='ltr'>ubi</span> <span class='ocrx_word' id='word_1_58' title='bbox 375 828 459 878; x_wconf 90' lang='lat' dir='ltr'>consul</span> <span class='ocrx_word' id='word_1_59' title='bbox 471 827 548 892; x_wconf 80' lang='lat' dir='ltr'>sensit,</span> <span class='ocrx_word' id='word_1_60' title='bbox 565 827 644 877; x_wconf 87' lang='lat' dir='ltr'>reddit</span> <span class='ocrx_word' id='word_1_61' title='bbox 655 827 749 876; x_wconf 88' lang='lat' dir='ltr'>illatum</span> <span class='ocrx_word' id='word_1_62' title='bbox 760 837 832 874; x_wconf 87' lang='lat' dir='ltr'>antea</span> <span class='ocrx_word' id='word_1_63' title='bbox 848 836 898 873; x_wconf 84' lang='lat' dir='ltr'>ter·</span> <span class='ocrx_word' id='word_1_64' title='bbox 960 868 967 873; x_wconf 83' lang='lat'>.</span> 
     </span>
     <span class='ocr_line' id='line_1_10' title="bbox 150 901 897 972; baseline -0.012 -12"><span class='ocrx_word' id='word_1_65' title='bbox 150 922 242 971; x_wconf 82' lang='lat' dir='ltr'>torem,</span> <span class='ocrx_word' id='word_1_66' title='bbox 255 905 413 972; x_wconf 78' lang='lat' dir='ltr'>inuruuaquc</span> <span class='ocrx_word' id='word_1_67' title='bbox 423 906 476 955; x_wconf 88' lang='lat' dir='ltr'>acie</span> <span class='ocrx_word' id='word_1_68' title='bbox 487 905 553 955; x_wconf 89' lang='lat' dir='ltr'>ultro</span> <span class='ocrx_word' id='word_1_69' title='bbox 561 905 654 955; x_wconf 84' lang='lat' dir='ltr'>hostem</span> <span class='ocrx_word' id='word_1_70' title='bbox 664 901 761 953; x_wconf 78' lang='lat' dir='ltr'>lacessit</span> <span class='ocrx_word' id='word_1_71' title='bbox 795 903 843 952; x_wconf 83' lang='lat' dir='ltr'>Ubi</span> <span class='ocrx_word' id='word_1_72' title='bbox 852 903 897 967; x_wconf 85' lang='lat' dir='ltr'>illi,</span> 
     </span>
     <span class='ocr_line' id='line_1_11' title="bbox 151 978 896 1048; baseline -0.009 -13"><span class='ocrx_word' id='word_1_73' title='bbox 151 983 301 1036; x_wconf 77' lang='lat' dir='ltr'>conscientia</span> <span class='ocrx_word' id='word_1_74' title='bbox 318 981 377 1048; x_wconf 90' lang='lat' dir='ltr'>quid</span> <span class='ocrx_word' id='word_1_75' title='bbox 388 979 478 1030; x_wconf 85' lang='lat' dir='ltr'>abesset</span> <span class='ocrx_word' id='word_1_76' title='bbox 488 981 588 1044; x_wconf 79' lang='lat' dir='ltr'>viritun,</span> <span class='ocrx_word' id='word_1_77' title='bbox 606 978 769 1030; x_wconf 71' lang='lat' dir='ltr'>dctmflavere</span> <span class='ocrx_word' id='word_1_78' title='bbox 780 994 896 1044; x_wconf 80' lang='lat' dir='ltr'>pugnam,</span> 
     </span>
    </p>
   </div>
   <div class='ocr_carea' id='block_1_5' title="bbox 65 1054 897 1127">
    <p class='ocr_par' dir='ltr' id='par_1_5' title="bbox 65 1054 897 1127">
     <span class='ocr_line' id='line_1_12' title="bbox 65 1054 897 1127; baseline -0.01 -14"><span class='ocrx_word' id='word_1_79' title='bbox 65 1054 71 1061; x_wconf 51' lang='lat'><strong><em>⁴</em></strong></span> <span class='ocrx_word' id='word_1_80' title='bbox 150 1063 232 1115; x_wconf 84' lang='lat' dir='ltr'>crevit</span> <span class='ocrx_word' id='word_1_81' title='bbox 243 1059 371 1127; x_wconf 86' lang='lat' dir='ltr'>extemplo</span> <span class='ocrx_word' id='word_1_82' title='bbox 389 1060 508 1110; x_wconf 82' lang='lat' dir='ltr'>Romania</span> <span class='ocrx_word' id='word_1_83' title='bbox 525 1059 627 1122; x_wconf 79' lang='lat' dir='ltr'>animus,</span> <span class='ocrx_word' id='word_1_84' title='bbox 645 1058 670 1107; x_wconf 85' lang='lat'>&amp;</span> <span class='ocrx_word' id='word_1_85' title='bbox 681 1055 809 1125; x_wconf 57' lang='lat' dir='ltr'>providis</span> <span class='ocrx_word' id='word_1_86' title='bbox 820 1057 897 1106; x_wconf 78' lang='lat' dir='ltr'>hane·</span> 
     </span>
    </p>
   </div>
   <div class='ocr_carea' id='block_1_6' title="bbox 114 1132 976 1968">
    <p class='ocr_par' dir='ltr' id='par_1_6' title="bbox 114 1132 976 1968">
     <span class='ocr_line' id='line_1_13' title="bbox 114 1132 898 1203; baseline -0.005 -15"><span class='ocrx_word' id='word_1_87' title='bbox 114 1169 116 1172; x_wconf 95' lang='lat'>-</span> <span class='ocrx_word' id='word_1_88' title='bbox 151 1139 213 1188; x_wconf 85' lang='lat' dir='ltr'>bant</span> <span class='ocrx_word' id='word_1_89' title='bbox 225 1147 343 1203; x_wconf 76' lang='lat' dir='ltr'>paventer</span> <span class='ocrx_word' id='word_1_90' title='bbox 359 1136 422 1184; x_wconf 78' lang='lat' dir='ltr'>intra</span> <span class='ocrx_word' id='word_1_91' title='bbox 433 1135 535 1184; x_wconf 83' lang='lat' dir='ltr'>vallum.</span> <span class='ocrx_word' id='word_1_92' title='bbox 571 1139 656 1198; x_wconf 74' lang='lat' dir='ltr'>Quum</span> <span class='ocrx_word' id='word_1_93' title='bbox 670 1150 714 1200; x_wconf 90' lang='lat' dir='ltr'>per</span> <span class='ocrx_word' id='word_1_94' title='bbox 730 1145 811 1184; x_wconf 86' lang='lat' dir='ltr'>totum</span> <span class='ocrx_word' id='word_1_95' title='bbox 830 1132 898 1184; x_wconf 84' lang='lat' dir='ltr'>diem</span> 
     </span>
     <span class='ocr_line' id='line_1_14' title="bbox 149 1209 897 1274; baseline -0.008 -7"><span class='ocrx_word' id='word_1_96' title='bbox 149 1214 266 1268; x_wconf 78' lang='lat' dir='ltr'>stetissent</span> <span class='ocrx_word' id='word_1_97' title='bbox 276 1213 364 1262; x_wconf 89' lang='lat' dir='ltr'>intenti</span> <span class='ocrx_word' id='word_1_98' title='bbox 375 1212 405 1261; x_wconf 89' lang='lat' dir='ltr'>ad</span> <span class='ocrx_word' id='word_1_99' title='bbox 417 1222 547 1274; x_wconf 85' lang='lat' dir='ltr'>certamen,</span> <span class='ocrx_word' id='word_1_100' title='bbox 564 1209 630 1260; x_wconf 72' lang='lat' dir='ltr'>nodi</span> <span class='ocrx_word' id='word_1_101' title='bbox 647 1210 750 1260; x_wconf 85' lang='lat' dir='ltr'>cessere:</span> <span class='ocrx_word' id='word_1_102' title='bbox 768 1212 794 1260; x_wconf 79' lang='lat' dir='ltr'>dt</span> <span class='ocrx_word' id='word_1_103' title='bbox 804 1214 897 1261; x_wconf 86' lang='lat' dir='ltr'>Roma·</span> 
     </span>
     <span class='ocr_line' id='line_1_15' title="bbox 149 1286 898 1357; baseline -0.003 -17"><span class='ocrx_word' id='word_1_104' title='bbox 149 1294 178 1346; x_wconf 82' lang='lat' dir='ltr'>ni</span> <span class='ocrx_word' id='word_1_105' title='bbox 191 1290 289 1357; x_wconf 88' lang='lat' dir='ltr'>quidem</span> <span class='ocrx_word' id='word_1_106' title='bbox 300 1290 365 1356; x_wconf 92' lang='lat' dir='ltr'>pleni</span> <span class='ocrx_word' id='word_1_107' title='bbox 374 1286 425 1355; x_wconf 91' lang='lat' dir='ltr'>spei</span> <span class='ocrx_word' id='word_1_108' title='bbox 439 1303 544 1354; x_wconf 82' lang='lat' dir='ltr'>corpora</span> <span class='ocrx_word' id='word_1_109' title='bbox 555 1287 682 1337; x_wconf 85' lang='lat' dir='ltr'>curabant.</span> <span class='ocrx_word' id='word_1_110' title='bbox 701 1288 898 1354; x_wconf 79' lang='lat' dir='ltr'>Haudquaquam</span> 
     </span>
     <span class='ocr_line' id='line_1_16' title="bbox 150 1361 897 1438; baseline -0.005 -20"><span class='ocrx_word' id='word_1_111' title='bbox 150 1370 205 1438; x_wconf 82' lang='lat' dir='ltr'>pari</span> <span class='ocrx_word' id='word_1_112' title='bbox 211 1367 295 1416; x_wconf 80' lang='lat' dir='ltr'>hostes</span> <span class='ocrx_word' id='word_1_113' title='bbox 312 1364 396 1413; x_wconf 86' lang='lat' dir='ltr'>animo</span> <span class='ocrx_word' id='word_1_114' title='bbox 407 1364 511 1411; x_wconf 81' lang='lat' dir='ltr'>nuncios</span> <span class='ocrx_word' id='word_1_115' title='bbox 529 1361 613 1430; x_wconf 70' lang='lat' dir='ltr'>puisun</span> <span class='ocrx_word' id='word_1_116' title='bbox 624 1361 711 1430; x_wconf 83' lang='lat' dir='ltr'>trepidi</span> <span class='ocrx_word' id='word_1_117' title='bbox 728 1362 760 1412; x_wconf 89' lang='lat' dir='ltr'>ad</span> <span class='ocrx_word' id='word_1_118' title='bbox 776 1378 897 1414; x_wconf 78' lang='lat' dir='ltr'>revocan-</span> 
     </span>
     <span class='ocr_line' id='line_1_17' title="bbox 150 1439 898 1511; baseline -0.005 -17"><span class='ocrx_word' id='word_1_119' title='bbox 150 1443 196 1494; x_wconf 84' lang='lat' dir='ltr'>dos</span> <span class='ocrx_word' id='word_1_120' title='bbox 215 1441 361 1511; x_wconf 78' lang='lat' dir='ltr'>praedatores</span> <span class='ocrx_word' id='word_1_121' title='bbox 380 1439 520 1492; x_wconf 82' lang='lat' dir='ltr'>dimittunt.¹</span> <span class='ocrx_word' id='word_1_122' title='bbox 541 1439 675 1490; x_wconf 81' lang='lat' dir='ltr'>recurritur</span> <span class='ocrx_word' id='word_1_123' title='bbox 685 1454 717 1489; x_wconf 82' lang='lat' dir='ltr'>ex</span> <span class='ocrx_word' id='word_1_124' title='bbox 729 1441 849 1506; x_wconf 84' lang='lat' dir='ltr'>proximis</span> <span class='ocrx_word' id='word_1_125' title='bbox 860 1441 898 1490; x_wconf 91' lang='lat' dir='ltr'>lo·</span> 
     </span>
     <span class='ocr_line' id='line_1_18' title="bbox 150 1513 898 1584; baseline -0.004 -15"><span class='ocrx_word' id='word_1_126' title='bbox 150 1521 203 1580; x_wconf 52' lang='grc' dir='ltr'>οἰκ</span> <span class='ocrx_word' id='word_1_127' title='bbox 220 1517 348 1567; x_wconf 79' lang='lat' dir='ltr'>ulteriores</span> <span class='ocrx_word' id='word_1_128' title='bbox 358 1531 409 1566; x_wconf 86' lang='lat' dir='ltr'>non</span> <span class='ocrx_word' id='word_1_129' title='bbox 420 1516 527 1565; x_wconf 77' lang='lat' dir='ltr'>inventi.</span> <span class='ocrx_word' id='word_1_130' title='bbox 560 1515 610 1584; x_wconf 77' lang='lat' dir='ltr'>Ubi</span> <span class='ocrx_word' id='word_1_131' title='bbox 620 1516 712 1580; x_wconf 79' lang='lat' dir='ltr'>illuxit,</span> <span class='ocrx_word' id='word_1_132' title='bbox 724 1513 847 1580; x_wconf 82' lang='lat' dir='ltr'>egreditur</span> <span class='ocrx_word' id='word_1_133' title='bbox 857 1531 898 1566; x_wconf 86' lang='lat' dir='ltr'>ca·</span> 
     </span>
     <span class='ocr_line' id='line_1_19' title="bbox 151 1589 899 1659; baseline -0.008 -11"><span class='ocrx_word' id='word_1_134' title='bbox 151 1597 205 1648; x_wconf 75' lang='lat' dir='ltr'>sirit</span> <span class='ocrx_word' id='word_1_135' title='bbox 217 1598 351 1656; x_wconf 78' lang='lat' dir='ltr'>Romanus,</span> <span class='ocrx_word' id='word_1_136' title='bbox 368 1590 461 1642; x_wconf 84' lang='lat' dir='ltr'>vallum</span> <span class='ocrx_word' id='word_1_137' title='bbox 477 1589 614 1656; x_wconf 81' lang='lat' dir='ltr'>invasurus,</span> <span class='ocrx_word' id='word_1_138' title='bbox 631 1591 660 1641; x_wconf 89' lang='lat' dir='ltr'>ni·</span> <span class='ocrx_word' id='word_1_139' title='bbox 669 1591 742 1659; x_wconf 83' lang='lat' dir='ltr'>copia</span> <span class='ocrx_word' id='word_1_140' title='bbox 755 1607 844 1659; x_wconf 80' lang='lat' dir='ltr'>pugnae</span> <span class='ocrx_word' id='word_1_141' title='bbox 855 1593 899 1642; x_wconf 81' lang='lat' dir='ltr'>sie·</span> 
     </span>
     <span class='ocr_line' id='line_1_20' title="bbox 151 1664 976 1738; baseline -0.006 -15"><span class='ocrx_word' id='word_1_142' title='bbox 151 1683 198 1724; x_wconf 90' lang='lat' dir='ltr'>ret.</span> <span class='ocrx_word' id='word_1_143' title='bbox 224 1671 258 1736; x_wconf 75' lang='lat' dir='ltr'>dc,</span> <span class='ocrx_word' id='word_1_144' title='bbox 275 1667 404 1738; x_wconf 73' lang='lat' dir='ltr'>poslqu&#39;am</span> <span class='ocrx_word' id='word_1_145' title='bbox 414 1669 493 1720; x_wconf 84' lang='lat' dir='ltr'>multa</span> <span class='ocrx_word' id='word_1_146' title='bbox 509 1669 561 1735; x_wconf 88' lang='lat' dir='ltr'>jam</span> <span class='ocrx_word' id='word_1_147' title='bbox 571 1667 621 1718; x_wconf 83' lang='lat' dir='ltr'>dier</span> <span class='ocrx_word' id='word_1_148' title='bbox 636 1678 696 1732; x_wconf 86' lang='lat' dir='ltr'>erat,</span> <span class='ocrx_word' id='word_1_149' title='bbox 713 1664 794 1735; x_wconf 84' lang='lat' dir='ltr'>neque</span> <span class='ocrx_word' id='word_1_150' title='bbox 809 1668 898 1719; x_wconf 83' lang='lat' dir='ltr'>move-</span> <span class='ocrx_word' id='word_1_151' title='bbox 973 1684 976 1689; x_wconf 91' lang='lat'><em>·</em></span> 
     </span>
     <span class='ocr_line' id='line_1_21' title="bbox 150 1744 896 1818; baseline -0.009 -16"><span class='ocrx_word' id='word_1_152' title='bbox 150 1749 224 1803; x_wconf 82' lang='lat' dir='ltr'>batur</span> <span class='ocrx_word' id='word_1_153' title='bbox 238 1750 371 1817; x_wconf 87' lang='lat' dir='ltr'>quicquam</span> <span class='ocrx_word' id='word_1_154' title='bbox 388 1747 421 1796; x_wconf 90' lang='lat' dir='ltr'>ab</span> <span class='ocrx_word' id='word_1_155' title='bbox 435 1746 512 1818; x_wconf 80' lang='lat' dir='ltr'>holle,</span> <span class='ocrx_word' id='word_1_156' title='bbox 527 1744 598 1811; x_wconf 76' lang='lat' dir='ltr'>Jubet</span> <span class='ocrx_word' id='word_1_157' title='bbox 616 1745 681 1811; x_wconf 78' lang='lat' dir='ltr'>signa</span> <span class='ocrx_word' id='word_1_158' title='bbox 698 1746 786 1796; x_wconf 81' lang='lat' dir='ltr'>inserti·</span> <span class='ocrx_word' id='word_1_159' title='bbox 801 1745 896 1796; x_wconf 89' lang='lat' dir='ltr'>consul.</span> 
     </span>
     <span class='ocr_line' id='line_1_22' title="bbox 150 1819 898 1896; baseline -0.009 -18"><span class='ocrx_word' id='word_1_160' title='bbox 150 1827 269 1896; x_wconf 60' lang='lat' dir='ltr'>motique</span> <span class='ocrx_word' id='word_1_161' title='bbox 279 1826 339 1889; x_wconf 87' lang='lat' dir='ltr'>acie,</span> <span class='ocrx_word' id='word_1_162' title='bbox 357 1823 494 1889; x_wconf 82' lang='lat' dir='ltr'>indignatio</span> <span class='ocrx_word' id='word_1_163' title='bbox 509 1824 603 1888; x_wconf 73' lang='lat' dir='ltr'>AEqms</span> <span class='ocrx_word' id='word_1_164' title='bbox 614 1822 639 1873; x_wconf 78' lang='lat' dir='ltr'>dt</span> <span class='ocrx_word' id='word_1_165' title='bbox 651 1821 754 1872; x_wconf 82' lang='lat' dir='ltr'>Volscos</span> <span class='ocrx_word' id='word_1_166' title='bbox 762 1820 862 1886; x_wconf 79' lang='lat' dir='ltr'>incessit,</span> <span class='ocrx_word' id='word_1_167' title='bbox 878 1819 898 1871; x_wconf 75' lang='lat' dir='ltr'>rr</span> 
     </span>
     <span class='ocr_line' id='line_1_23' title="bbox 151 1893 897 1968; baseline -0.009 -14"><span class='ocrx_word' id='word_1_168' title='bbox 151 1893 259 1954; x_wconf 62' lang='lat' dir='ltr'>oratores</span> <span class='ocrx_word' id='word_1_169' title='bbox 271 1902 393 1953; x_wconf 76' lang='lat' dir='ltr'>exercituo</span> <span class='ocrx_word' id='word_1_170' title='bbox 404 1901 497 1951; x_wconf 86' lang='lat' dir='ltr'>vallum</span> <span class='ocrx_word' id='word_1_171' title='bbox 509 1902 600 1968; x_wconf 78' lang='lat' dir='ltr'>potius,</span> <span class='ocrx_word' id='word_1_172' title='bbox 617 1901 784 1966; x_wconf 79' lang='lat' dir='ltr'>quamvirtut</span> <span class='ocrx_word' id='word_1_173' title='bbox 796 1899 821 1949; x_wconf 69' lang='grc' dir='ltr'><strong><em>ἃ</em></strong></span> <span class='ocrx_word' id='word_1_174' title='bbox 829 1913 897 1948; x_wconf 84' lang='lat' dir='ltr'>arma</span> 
     </span>
    </p>
   </div>
   <div class='ocr_carea' id='block_1_7' title="bbox 51 1972 900 2044">
    <p class='ocr_par' dir='ltr' id='par_1_7' title="bbox 51 1972 900 2044">
     <span class='ocr_line' id='line_1_24' title="bbox 51 1972 900 2044; baseline -0.002 -17"><span class='ocrx_word' id='word_1_175' title='bbox 51 1982 55 1986; x_wconf 83' lang='lat'><em>&#39;</em></span> <span class='ocrx_word' id='word_1_176' title='bbox 150 1989 272 2044; x_wconf 79' lang='lat' dir='ltr'>tegerent.</span> <span class='ocrx_word' id='word_1_177' title='bbox 298 1976 411 2042; x_wconf 80' lang='lat' dir='ltr'>igitur&amp;</span> <span class='ocrx_word' id='word_1_178' title='bbox 422 1975 465 2044; x_wconf 81' lang='lat' dir='ltr'>ipsi</span> <span class='ocrx_word' id='word_1_179' title='bbox 479 1976 639 2040; x_wconf 82' lang='lat' dir='ltr'>efflagitatum</span> <span class='ocrx_word' id='word_1_180' title='bbox 649 1974 681 2024; x_wconf 88' lang='lat' dir='ltr'>ab</span> <span class='ocrx_word' id='word_1_181' title='bbox 691 1973 794 2024; x_wconf 79' lang='lat' dir='ltr'>ducibus</span> <span class='ocrx_word' id='word_1_182' title='bbox 805 1972 900 2038; x_wconf 80' lang='lat' dir='ltr'>signum</span> 
     </span>
    </p>
   </div>
   <div class='ocr_carea' id='block_1_8' title="bbox 149 2049 901 2957">
    <p class='ocr_par' dir='ltr' id='par_1_8' title="bbox 149 2049 901 2881">
     <span class='ocr_line' id='line_1_25' title="bbox 151 2049 900 2122; baseline -0.005 -18"><span class='ocrx_word' id='word_1_183' title='bbox 151 2069 243 2122; x_wconf 77' lang='lat' dir='ltr'>pugnae</span> <span class='ocrx_word' id='word_1_184' title='bbox 253 2068 379 2120; x_wconf 87' lang='lat' dir='ltr'>accepere.</span> <span class='ocrx_word' id='word_1_185' title='bbox 413 2055 517 2121; x_wconf 84' lang='lat' dir='ltr'>Jamque</span> <span class='ocrx_word' id='word_1_186' title='bbox 528 2062 582 2117; x_wconf 83' lang='lat' dir='ltr'>pars</span> <span class='ocrx_word' id='word_1_187' title='bbox 593 2049 683 2116; x_wconf 78' lang='lat' dir='ltr'>egressa</span> <span class='ocrx_word' id='word_1_188' title='bbox 695 2052 773 2117; x_wconf 78' lang='lat' dir='ltr'>portia</span> <span class='ocrx_word' id='word_1_189' title='bbox 783 2061 842 2114; x_wconf 76' lang='lat' dir='ltr'>emt,</span> <span class='ocrx_word' id='word_1_190' title='bbox 859 2049 900 2100; x_wconf 88' lang='lat' dir='ltr'>de·</span> 
     </span>
     <span class='ocr_line' id='line_1_26' title="bbox 151 2125 901 2196; baseline -0.004 -16"><span class='ocrx_word' id='word_1_191' title='bbox 151 2129 284 2196; x_wconf 87' lang='lat' dir='ltr'>incepsque</span> <span class='ocrx_word' id='word_1_192' title='bbox 293 2131 335 2178; x_wconf 88' lang='lat' dir='ltr'>alii</span> <span class='ocrx_word' id='word_1_193' title='bbox 346 2129 476 2178; x_wconf 82' lang='lat' dir='ltr'>servabant</span> <span class='ocrx_word' id='word_1_194' title='bbox 487 2127 607 2190; x_wconf 87' lang='lat' dir='ltr'>ordinem,</span> <span class='ocrx_word' id='word_1_195' title='bbox 624 2128 651 2176; x_wconf 91' lang='lat' dir='ltr'>in</span> <span class='ocrx_word' id='word_1_196' title='bbox 667 2125 738 2177; x_wconf 90' lang='lat' dir='ltr'>suum</span> <span class='ocrx_word' id='word_1_197' title='bbox 753 2125 854 2192; x_wconf 87' lang='lat' dir='ltr'>quisque</span> <span class='ocrx_word' id='word_1_198' title='bbox 864 2127 901 2177; x_wconf 86' lang='lat' dir='ltr'>lo·</span> 
     </span>
     <span class='ocr_line' id='line_1_27' title="bbox 149 2201 898 2267; baseline -0.001 -13"><span class='ocrx_word' id='word_1_199' title='bbox 149 2219 209 2254; x_wconf 87' lang='lat' dir='ltr'>eum</span> <span class='ocrx_word' id='word_1_200' title='bbox 223 2203 402 2266; x_wconf 78' lang='lat' dir='ltr'>descendentes,</span> <span class='ocrx_word' id='word_1_201' title='bbox 420 2218 496 2266; x_wconf 92' lang='lat' dir='ltr'>quum</span> <span class='ocrx_word' id='word_1_202' title='bbox 505 2201 589 2250; x_wconf 91' lang='lat' dir='ltr'>consul</span> <span class='ocrx_word' id='word_1_203' title='bbox 600 2205 724 2249; x_wconf 83' lang='lat' dir='ltr'>Romanus</span> <span class='ocrx_word' id='word_1_204' title='bbox 733 2204 808 2266; x_wconf 84' lang='lat' dir='ltr'>prius,</span> <span class='ocrx_word' id='word_1_205' title='bbox 824 2208 898 2267; x_wconf 76' lang='lat' dir='ltr'>quam</span> 
     </span>
     <span class='ocr_line' id='line_1_28' title="bbox 152 2273 899 2338; baseline -0.004 -10"><span class='ocrx_word' id='word_1_206' title='bbox 152 2278 212 2328; x_wconf 83' lang='lat' dir='ltr'>totis</span> <span class='ocrx_word' id='word_1_207' title='bbox 221 2277 316 2326; x_wconf 85' lang='lat' dir='ltr'>viribus</span> <span class='ocrx_word' id='word_1_208' title='bbox 325 2277 387 2324; x_wconf 86' lang='lat' dir='ltr'>fulta</span> <span class='ocrx_word' id='word_1_209' title='bbox 397 2275 518 2324; x_wconf 83' lang='lat' dir='ltr'>constaret</span> <span class='ocrx_word' id='word_1_210' title='bbox 526 2275 631 2323; x_wconf 84' lang='lat' dir='ltr'>hostium</span> <span class='ocrx_word' id='word_1_211' title='bbox 642 2273 714 2335; x_wconf 73' lang='lat' dir='ltr'>aeica,</span> <span class='ocrx_word' id='word_1_212' title='bbox 726 2275 809 2323; x_wconf 89' lang='lat' dir='ltr'>intulit</span> <span class='ocrx_word' id='word_1_213' title='bbox 817 2275 899 2338; x_wconf 80' lang='lat' dir='ltr'>ligna:</span> 
     </span>
     <span class='ocr_line' id='line_1_29' title="bbox 151 2345 899 2414; baseline 0 -15"><span class='ocrx_word' id='word_1_214' title='bbox 151 2349 302 2414; x_wconf 82' lang='lat' dir='ltr'>adortusque</span> <span class='ocrx_word' id='word_1_215' title='bbox 321 2364 366 2398; x_wconf 88' lang='lat' dir='ltr'>nec</span> <span class='ocrx_word' id='word_1_216' title='bbox 383 2347 467 2396; x_wconf 80' lang='lat' dir='ltr'>omnes&#39;</span> <span class='ocrx_word' id='word_1_217' title='bbox 487 2346 547 2396; x_wconf 87' lang='lat' dir='ltr'>dum</span> <span class='ocrx_word' id='word_1_218' title='bbox 564 2345 671 2410; x_wconf 71' lang='lat' dir='ltr'>eduslos,</span> <span class='ocrx_word' id='word_1_219' title='bbox 687 2361 742 2414; x_wconf 83' lang='lat' dir='ltr'>nec,</span> <span class='ocrx_word' id='word_1_220' title='bbox 759 2349 899 2414; x_wconf 84' lang='lat' dir='ltr'>quierant,</span> 
     </span>
     <span class='ocr_line' id='line_1_30' title="bbox 150 2423 899 2494; baseline 0 -16"><span class='ocrx_word' id='word_1_221' title='bbox 150 2425 209 2478; x_wconf 76' lang='lat' dir='ltr'>satir</span> <span class='ocrx_word' id='word_1_222' title='bbox 226 2427 353 2494; x_wconf 80' lang='lat' dir='ltr'>explicatis</span> <span class='ocrx_word' id='word_1_223' title='bbox 370 2423 515 2489; x_wconf 81' lang='lat' dir='ltr'>ordinibut,&#39;</span> <span class='ocrx_word' id='word_1_224' title='bbox 531 2439 607 2493; x_wconf 90' lang='lat' dir='ltr'>prope</span> <span class='ocrx_word' id='word_1_225' title='bbox 624 2423 782 2475; x_wconf 72' lang='lat' dir='ltr'>fluduantem</span> <span class='ocrx_word' id='word_1_226' title='bbox 800 2427 899 2478; x_wconf 88' lang='lat' dir='ltr'>turbam</span> 
     </span>
     <span class='ocr_line' id='line_1_31' title="bbox 150 2501 900 2573; baseline 0 -19"><span class='ocrx_word' id='word_1_227' title='bbox 150 2503 329 2573; x_wconf 86' lang='lat' dir='ltr'>trepidantium</span> <span class='ocrx_word' id='word_1_228' title='bbox 345 2505 394 2554; x_wconf 87' lang='lat' dir='ltr'>huc</span> <span class='ocrx_word' id='word_1_229' title='bbox 412 2513 487 2569; x_wconf 90' lang='lat' dir='ltr'>atque</span> <span class='ocrx_word' id='word_1_230' title='bbox 505 2501 572 2566; x_wconf 92' lang='lat' dir='ltr'>illuc,</span> <span class='ocrx_word' id='word_1_231' title='bbox 597 2501 900 2570; x_wconf 71' lang='lat' dir='ltr'>circumspeslantiumque</span> 
     </span>
     <span class='ocr_line' id='line_1_32' title="bbox 150 2580 899 2648; baseline -0.001 -15"><span class='ocrx_word' id='word_1_232' title='bbox 150 2580 176 2634; x_wconf 85' lang='lat' dir='ltr'>se</span> <span class='ocrx_word' id='word_1_233' title='bbox 188 2599 217 2633; x_wconf 82' lang='lat' dir='ltr'>ac</span> <span class='ocrx_word' id='word_1_234' title='bbox 229 2581 292 2648; x_wconf 77' lang='lat' dir='ltr'>suos,</span> <span class='ocrx_word' id='word_1_235' title='bbox 309 2582 393 2633; x_wconf 90' lang='lat' dir='ltr'>addito</span> <span class='ocrx_word' id='word_1_236' title='bbox 405 2581 507 2632; x_wconf 82' lang='lat' dir='ltr'>turbatis</span> <span class='ocrx_word' id='word_1_237' title='bbox 518 2580 640 2631; x_wconf 79' lang='lat' dir='ltr'>mentibus</span> <span class='ocrx_word' id='word_1_238' title='bbox 652 2581 758 2631; x_wconf 87' lang='lat' dir='ltr'>clamore</span> <span class='ocrx_word' id='word_1_239' title='bbox 769 2592 842 2648; x_wconf 88' lang='lat' dir='ltr'>atquc</span> <span class='ocrx_word' id='word_1_240' title='bbox 854 2583 899 2632; x_wconf 90' lang='lat' dir='ltr'>im·</span> 
     </span>
     <span class='ocr_line' id='line_1_33' title="bbox 151 2659 899 2729; baseline -0.003 -19"><span class='ocrx_word' id='word_1_241' title='bbox 151 2672 221 2729; x_wconf 75' lang='lat' dir='ltr'>petit,</span> <span class='ocrx_word' id='word_1_242' title='bbox 238 2661 344 2712; x_wconf 85' lang='lat' dir='ltr'>invadit.</span> <span class='ocrx_word' id='word_1_243' title='bbox 378 2660 493 2710; x_wconf 84' lang='lat' dir='ltr'>Retulerc</span> <span class='ocrx_word' id='word_1_244' title='bbox 505 2660 586 2727; x_wconf 82' lang='lat' dir='ltr'>primo</span> <span class='ocrx_word' id='word_1_245' title='bbox 594 2659 679 2728; x_wconf 85' lang='lat' dir='ltr'>podem</span> <span class='ocrx_word' id='word_1_246' title='bbox 693 2660 780 2709; x_wconf 75' lang='lat' dir='ltr'>h‘ollcs.</span> <span class='ocrx_word' id='word_1_247' title='bbox 803 2660 899 2722; x_wconf 85' lang='lat' dir='ltr'>deinde,</span> 
     </span>
     <span class='ocr_line' id='line_1_34' title="bbox 150 2735 901 2804; baseline -0.003 -17"><span class='ocrx_word' id='word_1_248' title='bbox 150 2753 230 2804; x_wconf 87' lang='lat' dir='ltr'>quum</span> <span class='ocrx_word' id='word_1_249' title='bbox 251 2739 347 2788; x_wconf 79' lang='lat' dir='ltr'>animoa</span> <span class='ocrx_word' id='word_1_250' title='bbox 365 2736 522 2802; x_wconf 79' lang='lat' dir='ltr'>collegissent,</span> <span class='ocrx_word' id='word_1_251' title='bbox 540 2736 565 2786; x_wconf 72' lang='lat' dir='ltr'>a</span> <span class='ocrx_word' id='word_1_252' title='bbox 581 2735 689 2802; x_wconf 89' lang='lat' dir='ltr'>undique</span> <span class='ocrx_word' id='word_1_253' title='bbox 703 2735 784 2801; x_wconf 79' lang='lat' dir='ltr'>duces,</span> <span class='ocrx_word' id='word_1_254' title='bbox 809 2737 901 2786; x_wconf 69' lang='lat' dir='ltr'>vidiae</span> 
     </span>
     <span class='ocr_line' id='line_1_35' title="bbox 151 2813 743 2881; baseline -0.005 -17"><span class='ocrx_word' id='word_1_255' title='bbox 151 2813 226 2879; x_wconf 74' lang='lat' dir='ltr'>ceffmi</span> <span class='ocrx_word' id='word_1_256' title='bbox 237 2813 492 2881; x_wconf 74' lang='lat' dir='ltr'>effert,.increpatent‚¹</span> <span class='ocrx_word' id='word_1_257' title='bbox 504 2813 637 2863; x_wconf 85' lang='lat' dir='ltr'>restituitur</span> <span class='ocrx_word' id='word_1_258' title='bbox 651 2828 743 2880; x_wconf 85' lang='lat' dir='ltr'>pugna.</span> 
     </span>
    </p>

    <p class='ocr_par' dir='ltr' id='par_1_9' title="bbox 187 2886 899 2957">
     <span class='ocr_line' id='line_1_36' title="bbox 187 2886 899 2957; baseline -0.001 -18"><span class='ocrx_word' id='word_1_259' title='bbox 187 2893 259 2939; x_wconf 84' lang='lat' dir='ltr'><strong>LXI.</strong></span> <span class='ocrx_word' id='word_1_260' title='bbox 278 2891 369 2942; x_wconf 89' lang='lat' dir='ltr'>Consul</span> <span class='ocrx_word' id='word_1_261' title='bbox 380 2905 413 2941; x_wconf 84' lang='lat' dir='ltr'>ex</span> <span class='ocrx_word' id='word_1_262' title='bbox 427 2891 501 2941; x_wconf 88' lang='lat' dir='ltr'>altera</span> <span class='ocrx_word' id='word_1_263' title='bbox 519 2900 587 2957; x_wconf 84' lang='lat' dir='ltr'>parte</span> <span class='ocrx_word' id='word_1_264' title='bbox 598 2892 725 2941; x_wconf 83' lang='lat' dir='ltr'>Romanos</span> <span class='ocrx_word' id='word_1_265' title='bbox 736 2886 850 2954; x_wconf 75' lang='lat' dir='ltr'>menzim&#39;ffe</span> <span class='ocrx_word' id='word_1_266' title='bbox 858 2888 899 2950; x_wconf 86' lang='lat' dir='ltr'>ju·</span> 
     </span>
    </p>
   </div>
   <div class='ocr_carea' id='block_1_9' title="bbox 151 2963 899 3108">
    <p class='ocr_par' dir='ltr' id='par_1_10' title="bbox 151 2963 899 3108">
     <span class='ocr_line' id='line_1_37' title="bbox 151 2963 899 3036; baseline -0.003 -19"><span class='ocrx_word' id='word_1_267' title='bbox 151 2963 235 3031; x_wconf 68' lang='lat' dir='ltr'>bebai,</span> <span class='ocrx_word' id='word_1_268' title='bbox 251 2965 287 3017; x_wconf 78' lang='lat' dir='ltr'>illo</span> <span class='ocrx_word' id='word_1_269' title='bbox 302 2968 337 3018; x_wconf 83' lang='lat' dir='ltr'>dic</span> <span class='ocrx_word' id='word_1_270' title='bbox 350 2968 448 3036; x_wconf 70' lang='lat' dir='ltr'>primunt</span> <span class='ocrx_word' id='word_1_271' title='bbox 462 2965 538 3020; x_wconf 71' lang='lat' dir='ltr'>lisera</span> <span class='ocrx_word' id='word_1_272' title='bbox 549 2978 593 3032; x_wconf 82' lang='lat' dir='ltr'>pro</span> <span class='ocrx_word' id='word_1_273' title='bbox 609 2964 675 3017; x_wconf 76' lang='lat' dir='ltr'>libera</span> <span class='ocrx_word' id='word_1_274' title='bbox 690 2963 740 3016; x_wconf 74' lang='lat' dir='ltr'>robe</span> <span class='ocrx_word' id='word_1_275' title='bbox 750 2967 847 3016; x_wconf 71' lang='lat' dir='ltr'>nomm</span> <span class='ocrx_word' id='word_1_276' title='bbox 853 2975 899 3028; x_wconf 74' lang='lat' dir='ltr'>pu·</span> 
     </span>
     <span class='ocr_line' id='line_1_38' title="bbox 193 3053 896 3108; baseline 0.007 -25"><span class='ocrx_word' id='word_1_277' title='bbox 193 3078 196 3083; x_wconf 91' lang='lat'>.</span> <span class='ocrx_word' id='word_1_278' title='bbox 706 3097 710 3104; x_wconf 29' lang='grc' dir='ltr'>Ι</span> <span class='ocrx_word' id='word_1_279' title='bbox 816 3053 896 3108; x_wconf 75' lang='lat' dir='ltr'>gnare.</span> 
     </span>
    </p>
   </div>
   <div class='ocr_carea' id='block_1_10' title="bbox 0 0 986 3660">
    <p class='ocr_par' dir='ltr' id='par_1_11' title="bbox 0 0 986 3660">
     <span class='ocr_line' id='line_1_39' title="bbox 0 0 986 3660; baseline 0 0"><span class='ocrx_word' id='word_1_280' title='bbox 0 0 986 3660; x_wconf 95' lang='lat' dir='ltr'> </span> 
     </span>
    </p>
   </div>
  </div>
 </body>
</html>
