1964 3660
136 160 169 207 16
401 153 626 203 T.L1v11

136 243 220 301 ctiam,
247 240 313 305 qubd
335 239 418 289 alienia
437 239 545 289 cladibus
568 238 706 289 ceciderant
725 241 808 303 animi,
826 256 878 290 cer—

136 317 299 368 taminisfuit.
329 317 443 380 ,Utroque
455 316 558 364 coloniae
568 316 651 364 miss'ae.
680 315 759 382 plures
776 317 879 380 inventi,

136 396 180 460 qui
191 400 291 462 propter
302 394 439 442 ubertatem
455 402 524 440 terrae
541 392 567 440 in
586 392 769 443 Crustuminum
779 395 881 443 nomina

135 471 229 522 darent.
248 472 273 520 ἃ
285 474 390 520 Romam
403 469 459 519 inde
470 468 608 534 frequenter
617 471 749 535 migratum
760 473 800 534 est,
811 477 826 520 a
835 487 881 538 pa.-

134 550 244 598 rentibus
253 549 361 597 maxime
370 561 401 596 ac
411 538 555 612 propinquis
562 557 696 613 raptarum.
717 548 882 598 Novillimum

135 625 168 674 ab
176 626 269 674 Sabinis
285 625 376 674 bellum
392 633 482 687 ortum,
499 624 626 688 multoque
639 624 664 673 id
674 628 812 683 maximum
824 625 880 674 fuit.

135 702 274 750 nihil.cnim
292 716 334 766 per
345 702 406 749 iram
416 709 459 748 aut
470 700 629 765 cupiditatem
640 699 719 748 atrum
729 702 776 751 est:
794 715 839 749 nec
851 715 879 748 ο-

136 778 274 828 deriderunt
285 779 376 826 bellum
391 778 465 842 pride,
478 783 551 840 quam
560 777 701 825 intulerunt.
726 776 832 826 Consilio
843 787 879 824 cr-

135 856 186 905 iam
196 856 292 906 additus
303 856 381 905 dolus.
414 859 454 918 Sp.
471 853 591 918 Tarpejus
602 855 720 902 Romana
728 863 829 919 praeerat
840 869 878 902 ar-

135 935 169 983 ci.
200 936 279 998 Hujus
292 933 367 983 filiam
379 932 501 994 virginem
515 945 576 980 auro
590 931 834 997 corrumpit'Tatiua,
850 936 881 980 ut

133 1025 245 1063 armatos
259 1014 284 1061 in
296 1027 377 1061 arcem
388 1010 500 1073 accipiat,
509 1006 608 1072 'aquam
619 1007 682 1057 forte
693 1025 722 1057 ea
738 1020 790 1059 tum
800 1009 879 1067 ¹sacris

133 1103 206 1139 extra
220 1091 309 1138 rnoenia
326 1088 430 1152 petitum
450 1087 519 1132 ierat.
555 1086 657 1149 Accepti
677 1087 790 1135 obrutam
807 1089 880 1138 annia
926 1093 928 1098 '

133 1181 272 1214 necavere:
296 1164 337 1211 seu
348 1173 376 1209 ut
387 1162 414 1207 vi
431 1170 503 1224 capta
520 1161 602 1224 potius
621 1175 667 1209 arx
682 1161 808 1211 videretur
814 1183 820 1222 ;
838 1163 879 1217 seu

135 1241 254 1309 prodendi
263 1237 371 1302 exempli
387 1235 465 1296 causi,
483 1251 513 1283 ne
529 1235 588 1299 quid
599 1235 710 1300 usquam
726 1237 804 1287 fidum
821 1255 878 1305 pro-

134 1318 211 1368 ditori
220 1315 285 1365 ellat.
323 1313 428 1363 Additur
437 1312 532 1374 fabulae,
545 1312 611 1376 quod
620 1314 695 1376 vulgi)
706 1315 787 1375 sabini
796 1333 881 1366 aureas

135 1395 242 1445 armillae
255 1394 338 1456 magni
359 1391 473 1458 'ponderis
487 1389 588 1439 brachio
603 1389 675 1452 laevo,
693 1395 880 1458 gemmatosque

133 1473 224 1535 magni
238 1471 317 1537 speeie
333 1469 435 1517 annulos
446 1467 583 1530 habuerint,
600 1467 715 1534 pepigisse
731 1486 794 1534 eam,
810 1472 879 1537 quod

134 1553 161 1600 iu
177 1550 271 1598 sinistris
290 1548 402 1596 manibus
416 1546 547 1605 haberent3
565 1549 595 1595 eb
611 1544 679 1595 scuta
689 1546 724 1597 illi
738 1563 785 1615 pro
800 1551 879 1600 aureis
973 1550 976 1554 ⁸

134 1624 205 1676 donis
214 1625 334 1689 congesta.
359 1631 426 1686 Sunt,
438 1624 480 1687 qui
492 1639 554 1684 cam,
564 1634 598 1673 ex
608 1621 678 1688 palio
687 1625 798 1675 tradendi
811 1626 879 1692 quod

133 1703 160 1753 in
172 1693 266 1754 sinistris
283 1703 394 1765 manibus
412 1700 479 1763 esset,
496 1699 586 1749 direlib
603 1716 670 1750 arma
684 1701 766 1766 petille
778 1703 878 1757 dicant:

131 1780 160 1828 ’ἃ
171 1780 256 1828 fraude
267 1777 345 1827 visam
353 1792 433 1841 agere,
451 1776 492 1825 sud
504 1775 584 1842 ipsam
591 1787 744 1844 peremptam
757 1780 878 1833 mercede.

168 1860 229 1906 XII.
249 1861 362 1908 Tenuere
373 1866 455 1904 tamen
471 1870 551 1903 arcem
565 1854 662 1906 Sabini:
679 1866 754 1920 atque
764 1857 820 1907 iude
836 1872 883 1924 po-

131 1932 195 1984 stero
208 1935 255 1998 dic,
268 1952 342 2002 quum
352 1938 477 1985 Romanus
488 1934 610 1982 exercitus
621 1933 754 1997 instruaris,
762 1935 829 1999 quod
840 1936 879 1986 in·

131 2017 170 2062 'ter
182 2013 318 2064 Palatinum
331 2008 545 2081 Capitolinumque
560 2012 647 2060 collem
658 2012 739 2078 campi
750 2013 790 2074 est,
809 2029 878 2063 com-

133 2091 229 2159 pliss'et;
241 2109 291 2143 non
305 2095 371 2160 priris
383 2091 557 2140 descenderunt
565 2091 590 2136 in
599 2104 703 2152 equum,
714 2096 795 2152 quam,
807 2092 842 2138 ira
854 2091 880 2142 ἃ

111 2214 113 2219 ,
134 2170 269 2233 eupiditate
280 2167 521 2234 recuperanda-arcis
537 2165 672 2212 stimulante
683 2166 786 2228 animos,
800 2167 826 2214 in
836 2166 881 2217 ad-

130 2242 232 2292 versuni
249 2244 355 2292 Romani
373 2242 474 2290 subiere.
509 2241 633 2305 Principes
643 2241 759 2304 utrinque
771 2257 878 2305 pugnam
935 2256 938 2260 ·

130 2320 243 2379 ciebanr;
255 2321 287 2368 ab
299 2319 391 2367 Sabinis
399 2321 491 2367 Mettus
504 2318 610 2378 Curtius,
622 2316 653 2365 ab
662 2319 780 2365 Romania
790 2321 879 2370 Hostus

129 2392 256 2461 Hostilius.
280 2396 320 2442 hic
331 2409 383 2442 rem
394 2389 531 2443 Romanam
547 2390 634 2456 iniquo
649 2391 706 2440 loco
717 2392 748 2440 ad
759 2394 838 2459 prima
848 2396 879 2445 sr-

125 2459 181 2536 ”gna'
190 2471 273 2520 animo
283 2481 354 2537 atquc
364 2469 464 2518 audacii
475 2468 613 2518 sustinebar.
639 2473 673 2518 Ut
679 2469 768 2518 Hostus
779 2472 876 2535 cecidit,

132 2547 258 2598 confestim
271 2551 383 2596 Romana
392 2546 522 2595 inclinatur
532 2547 612 2605 aciem
632 2545 732 2610 fusaque
748 2548 821 2597 estad
833 2565 878 2597 ve-

130 2635 209 2677 terem
224 2633 320 2690 portam
334 2624 428 2671 Palatii,
454 2623 610 2672 Romulus&
620 2622 670 2687 ipse
681 2624 877 2689 turbafugienti-

128 2711 175 2748 um
186 2700 260 2764 ailus,
278 2699 385 2749 armani
399 2699 485 2748 coelum
497 2698 591 2755 tollens,
607 2700 705 2763 Jupiter,
722 2702 772 2765 tuis,
789 2701 878 2767 inquit,

125 2775 194 2842 juffles
208 2777 284 2828 avibus
294 2777 330 2826 hir
341 2778 362 2825 in
378 2776 458 2825 Palatio
469 2777 543 2841 prima
554 2777 601 2825 terii
606 2777 750 2839 fundamenta
761 2781 814 2842 jeci.
840 2794 878 2828 art-

126 2867 177 2900 ecm
183 2856 242 2918 jam,
248 2856 328 2920 scelere
336 2863 442 2919 emptam,
454 2852 527 2902 Sabini
538 2851 621 2901 taient.
643 2854 690 2902 inde
701 2854 739 2902 hnc
746 2857 834 2916 mori,
839 2857 879 2920 fu-

127 2931 209 2996 petati
217 2933 362 2999 medicinali,
371 2933 465 2985 tendum.
478 2933 515 2991 At
524 2933 710 3000 inmmerito
719 2932 875 2997 buriacum,

828 3007 879 3064 ltu
