1964 3660
154 162 213 234 tut
342 130 345 135 ’
404 170 653 232 ’τριινιι

163 258 239 326 spem,
256 258 298 313 sua
309 253 416 332 connisa,
427 270 602 321 'communibus
614 271 755 340 deploratis,
771 249 908 342 exsequerr·
970 290 974 309 ⁴

951 312 970 351 rs

161 346 207 386 tes.
241 340 457 415 Flamcnintetim
469 347 603 409 Quirinalis
621 350 776 416 virginesque
790 353 919 418 Vestales,¹
965 398 968 403 .

162 413 251 465 omissa
263 432 344 473 rerum
363 420 458 472 suartun
479 427 545 495 curu,
563 441 617 492 quae
634 424 758 477 sacrorum
769 427 851 483 secum
871 430 909 481 sc·

150 493 245 557 reuda,
262 511 316 568 quae
333 501 400 563 (quia
411 501 476 550 vires
487 501 518 551 ad
533 504 616 553 omnia
629 503 729 554 serenda
741 495 852 574 deerantj
867 523 907 559 re·

160 567 293 636 linquenda
311 575 393 640 essent,
411 577 581 644 consuitautes,
600 580 687 651 quisve
706 590 735 632 ea
751 583 820 634 locus
839 583 907 638 fideli

147 645 323 704 'asservamrus
334 657 442 709 eustodid
453 656 526 721 csset;
543 661 667 727 optimum
686 661 787 729 ducunt,
805 663 909 714 condita

147 726 186 776 'in
198 727 295 782 doliolis
307 735 394 785 sacello
409 739 527 803 proximo
541 737 632 788 aedibus
642 739 746 789 flaminis
759 734 906 806 Quirinalis,

159 805 205 856 ubi
216 823 282 860 nunc
296 810 380 879 despui
391 814 479 878 religio
491 813 663 878 est‚·desodere
671 833 680 885 y:
698 828 787 882 cetera,
803 808 869 867 inter
879 818 906 870 se

159 900 235 936 onere
245 893 346 956 partito,
363 891 444 942 serunt
456 893 498 945 vid
514 908 568 962 quae
579 891 683 943 sublicio
702 905 778 960 ponte
789 893 859 945 ducit
872 895 905 948 ad

146 963 309 1029 'Janicuium
344 971 373 1019 In
393 984 424 1021 co
443 970 512 1024 clivo
531 984 570 1019 eas
585 982 662 1035 quum
680 971 712 1018 L.
731 963 853 1034 Albinius,
871 971 905 1024 de

144 1033 230 1107 ¹‘plebe
242 1045 356 1094 Romana·
365 1033 449 1108 horno,
467 1043 637 1113 conspexisset,
654 1044 758 1115 plaustro
769 1039 903 1112 conjugem
964 1062 974 1083 ¹

157 1131 187 1166 ac
197 1118 287 1172 sideros
305 1125 397 1174 vehens
414 1125 479 1173 inter
497 1115 602 1172 ceteram
618 1123 726 1186 turbam,
743 1118 903 1188 quaesnutilis
933 1123 935 1125 ’

147 1196 222 1248 bello
234 1200 295 1248 urbe
306 1201 441 1252 excedebat
448 1219 455 1263 ς
473 1200 550 1251 salto
561 1201 635 1250 eriam
646 1197 703 1252 tum
713 1200 852 1250 discrimine
863 1202 901 1253 di·

947 510 964 603 i

951 610 958 628 ¹.

959 902 966 913 ε

960 916 974 1061 i

157 1275 271 1326 vittarum
281 1278 491 1346 humanarumque
499 1288 593 1341 rerum,
602 1275 766 1343 irreligiosum
777 1289 852 1343 ratur,
863 1279 901 1331 sa·
959 1301 962 1308 ·

155 1347 266 1402 ccrdotcs
277 1357 388 1420 publicos
401 1356 516 1422 sacraque
526 1355 612 1422 populi
623 1356 730 1405 Romani
741 1355 844 1422 pedibus
855 1356 900 1421 ire,

155 1429 276 1496 serrique;
294 1434 317 1483 se
333 1449 362 1482 ac
374 1433 429 1484 suos
441 1435 467 1482 in
482 1433 599 1481 vehiculo
611 1431 736 1499 conspici;
753 1431 900 1484 descendere

154 1522 260 1560 uxorem
272 1528 301 1560 ac
310 1501 398 1580 pueros
407 1511 480 1575 jussit,
490 1511 598 1574 virgines
610 1510 724 1575 sacraque
732 1511 758 1560 in
766 1511 902 1579 plaustrum

144 1581 288 1664 imposuitr
305 1591 330 1641 δε
352 1581 428 1656 Cure,
445 1591 496 1656 quo
512 1588 560 1640 iter
576 1585 746 1640 sacerdotibus
764 1599 826 1655 crat,
840 1584 897 1661 per-

154 1668 237 1718 vexit.
529 1682 537 1689 ·

140 1748 144 1756 '
186 1749 257 1797 ΧΗ.
276 1749 362 1802 Romae
372 1748 480 1818 interim,
498 1746 554 1798 satis
569 1745 621 1812 jam
633 1745 756 1811 omnibus,
772 1746 837 1797 utin
852 1747 897 1800 test

142 1827 187 1889 re,
204 1825 234 1876 ad
246 1827 362 1878 tuendam
374 1842 455 1878 arcem
467 1825 614 1893 compositis,
623 1825 695 1875 turba
707 1825 839 1888 seniorum,
849 1824 897 1876 do-

140 1912 204 1954 'mos
222 1904 332 1970 regressa,
350 1906 485 1955 adventum
497 1905 603 1955 hostium
613 1899 734 1954 obstinato
745 1903 776 1952 ad
787 1914 896 1956 mortem

149 1986 235 2034 animo
246 1983 410 2053 exspettanat.
429 1986 470 2053 qui
485 1999 573 2033 eorum
584 1983 678 2034 curules
689 1981 806 2048 gesserant
815 1976 896 2048 magi·

149 2063 243 2126 stratus,
261 2075 288 2111 ut
300 2065 325 2115 in
337 2064 441 2114 sortunae
452 2063 556 2130 pristinae
573 2063 744 2127 honorumque
756 2072 799 2111 aut
813 2063 895 2112 virtu·

120 2184 129 2193 ,
149 2144 180 2192 tis
192 2142 323 2206 infignibus
342 2153 504 2201 morerentur,
522 2154 575 2204 quae
594 2139 756 2203 augustissima
767 2141 846 2190 'vestis
860 2140 895 2191 est
968 2198 974 2204 ,

138 2206 226 2269 *tensas
237 2215 636 2281 ducentibus?triumphantibusvc,
645 2217 672 2263 cd
679 2216 761 2264 vessiti
768 2217 852 2266 medio
860 2233 894 2268 ae·

147 2292 216 2344 diurn
228 2293 339 2342 eburneis
348 2291 410 2340 sellis
422 2290 511 2339 sedere.
537 2294 597 2340 Sunt
613 2291 665 2356 qui,
679 2293 717 2338 M.
728 2290 808 2341 Fabio
827 2304 893 2360 pon.

146 2370 214 2422 tificc
225 2370 337 2420 marimo
349 2367 465 2437 praefante
482 2381 587 2430 carmen,
604 2365 732 2421 devovisse
749 2383 793 2418 eos
809 2369 833 2420 se
844 2387 894 2439 pro

146 2446 226 2521 patria
239 2447 424 2523 Quiritibusque
436 2446 564 2509 Romanis,
582 2445 689 2496 tradant.
707 2447 783 2510 Galli,
796 2448 821 2498 u
832 2452 893 2517 quia

145 2529 286 2598 interpositi
296 2528 366 2579 nodie
383 2533 397 2578 d
412 2527 572 2600 contentione
584 2520 672 2592 pugnae
686 2525 827 2578 remiserant
837 2530 891 2580 ani·-

144 2624 208 2672 moS,
225 2605 327 2672 &quod
339 2621 383 2655 nec
401 2606 427 2654 in
437 2604 491 2653 acie
501 2602 603 2669 ancipiti
618 2603 719 2669 usquam
736 2615 892 2657 certaverant

145 2686 240 2758 proelio,
256 2699 301 2733 nec
313 2695 367 2733 tum
378 2683 470 2749 impetu
487 2682 569 2730 autri
588 2681 719 2748 capiebant
728 2682 823 2747 urbem,
840 2682 891 2735 stne

144 2767 189 2830 ira,
206 2764 255 2815 fine
265 2762 353 2812 ardore
372 2762 511 2811 animorum
523 2758 619 2824 ingresfi
638 2760 735 2830 postero
750 2759 791 2810 die
802 2761 890 2814 urbem

134 2835 243 2912 ¹patente
254 2839 349 2891 Cossini
360 2839 439 2906 porti,
456 2839 481 2888 in
493 2837 574 2887 sorum
585 2832 741 2904 pervertunt,
758 2838 889 2890 circumse³

133 2930 223 2982 ¹rentes
241 2917 325 2967 oculos
344 2915 375 2966 ad
393 2914 483 2982 templa
494 2914 577 2963 Derim
593 2928 731 2980 arcemque,
743 2913 819 2964 solam
829 2915 888 2966 betti

133 2992 250 3069 'speciem
261 3005 394 3047 tenentem.
418 2990 486 3059 tude,
503 2991 605 3046 m0ffi⁰⁰
614 2991 700 3046 ¹⁹¹¹&
711 2991 830 3061 Pramo'
845 2993 889 3055 (Μ

138 3090 141 3097 Ι
187 3090 192 3099 ⁶
503 3080 506 3085 .
830 3083 886 3140 qut:
