1964 3660
382 148 551 240 ataaa
584 190 623 253 ι.Ι
837 209 872 258 a,

126 282 234 338 nunquam
259 270 298 322 cris
310 269 356 338 ese.
390 277 459 338 Haec‚
470 293 547 341 quum
558 277 618 327 fines
630 276 801 344 suprascandit‚
814 279 874 344 haec,

127 349 266 415 quicunque
279 349 302 397 ei
311 350 401 414 primus
413 353 453 399 vir
463 354 554 402 obvius
566 355 647 415 suerit,
659 355 720 417 haec,
731 368 827 420 portam
836 357 873 405 iu-

126 421 246 485 gtediens‚
263 423 323 486 haec,
334 423 417 472 sorum
434 427 556 490 ingressus,
568 429 651 493 paucis
667 430 747 478 verbis
760 431 874 478 carminis

127 498 328 564 concipiendique
337 499 493 563 jurisjurandi
505 505 612 566 mutatis,
622 505 725 570 peragit.
744 503 759 551 s1
772 520 822 555 non
833 504 874 555 de-

126 571 227 638 duntur,
246 591 307 641 quos
319 576 438 642 exposcit,
456 578 541 628 diebus
552 580 628 628 tribus
641 580 773 642 &triginta
785 583 833 642 (tot
847 597 873 631 e·

125 649 177 696 nim
185 649 294 700 solennes
303 651 367 715 sunt)
377 654 484 717 perussis,
496 655 586 703 bellum
594 657 628 703 ita
639 654 738 703 indicit:
751 658 873 721 Audisti

120 725 188 789 pitee,
197 728 224 778 st
232 730 327 794 iusum,
336 730 436 796 Quinc,
446 733 527 796 Diique
538 747 607 779 cinnes
618 730 713 794 coeiesies,
723 734 798 798 vosque
806 743 873 784 terre-

117 801 184 865 stres,
201 807 278 872 vosque
288 807 368 869 inferni
378 807 457 856 audite.
492 808 541 873 Ego
555 823 594 856 vcs
611 807 680 870 teser,
689 809 791 873 populum
802 810 870 873 ilium,

122 879 271 944 (quicunque
282 880 322 944 est,
332 883 452 943 nominat)
463 882 562 944 injussum
573 880 618 948 ese,
628 894 690 947 neque
693 883 731 944 jus
738 884 870 949 persoluere.

122 953 167 1000 Sed
174 953 199 1001 de
208 954 254 1016 isis
264 953 324 1004 rebus
341 956 363 1004 in
370 958 446 1021 patria
456 957 548 1018 majores
558 964 609 1004 natu
619 957 750 1020 conficiemus,
762 973 800 1021 quo
807 958 872 1024 passe
881 970 927 1010 Μ

115 1029 155 1090 jeu
170 1029 262 1091 nessmm
273 1032 423 1096 adipiscamur.
461 1035 525 1080 Cum
547 1032 583 1078 his
595 1032 698 1078 nuncius
716 1034 821 1080 Romam
838 1033 870 1084 ad

124 1103 298 1154 consulendum
317 1106 388 1156 redit.
426 1106 559 1156 Confestim
571 1109 626 1154 Rex
645 1106 682 1154 his
697 1105 773 1154 scrme
788 1107 872 1159 verbis
895 1099 899 1105 ’

122 1181 203 1231 Patres
216 1182 369 1233 consulebat:
393 1186 493 1249 Qucum
504 1199 584 1247 rerum,
603 1182 682 1244 litium,
700 1184 809 1246 causitum
821 1199 870 1233 ecn-

120 1257 175 1306 diait
191 1268 256 1324 pater
270 1269 368 1324 patratus
383 1259 456 1327 populi
468 1261 559 1308 Romani
571 1259 693 1324 Qiritiuen
706 1259 769 1323 patri
777 1268 868 1324 patrate

118 1336 235 1399 priscorum
250 1336 375 1384 Latinarum
392 1335 543 1402 hominibusque
560 1337 636 1402 priscis
648 1334 741 1396 Latinis,
764 1350 814 1399 pecs
832 1352 868 1386 ret

120 1409 176 1472 dari,
188 1409 248 1472 seri,
253 1410 312 1475 scivi
322 1411 422 1476 oportuit,
439 1427 489 1476 quas
497 1427 532 1460 res
542 1427 578 1458 nec
589 1411 696 1472 dederetur,
716 1425 753 1458 nec
758 1411 868 1477 secerunr,

118 1499 156 1531 nec
170 1484 290 1549 ‚solvereris
304 1486 345 1547 die,
357 1486 437 1549 iuquit
456 1486 488 1547 ei,
508 1500 580 1549 quem
600 1485 708 1550 primum
720 1482 866 1535 seutentiam

120 1560 231 1623 rogabat,
248 1560 299 1626 quid
308 1562 395 1625 censes?
415 1563 440 1608 T
442 1575 484 1608 um
496 1559 551 1608 iiie:
578 1561 636 1625 Puro
652 1560 728 1625 pieque
738 1558 804 1606 duello
814 1574 867 1624 que·

119 1635 280 1701 rendcs'censec,
299 1637 369 1701 itaque
380 1637 479 1700 consentia
492 1636 634 1700 conscisccpee.
662 1635 722 1682 Inde
731 1633 816 1683 ordine
825 1635 868 1685 alii

119 1711 283 1775 rogabantur:
310 1712 457 1777 quandoque
475 1727 529 1778 pars
547 1712 627 1775 major
641 1724 735 1771 eorum,
756 1710 797 1774 qui
809 1711 867 1760 ade·

118 1797 181 1848 rant,
193 1787 218 1835 in
233 1785 334 1836 eandem
346 1785 490 1835 seutentiam
506 1786 566 1849 ibat,
575 1785 665 1834 bellum
678 1794 729 1833 erat
738 1782 866 1835 consensu.

118 1860 184 1911 Fieri
202 1862 309 1925 solitum,
326 1873 354 1911 ut
365 1862 456 1910 fecialis
475 1861 565 1910 hastam
582 1861 696 1910 serratam
708 1870 751 1907 aut
768 1859 865 1922 sangui-

117 1951 191 1986 neam
208 1937 334 2002 praeusiam
346 1937 376 1983 ad
391 1937 450 1983 fines
466 1951 552 1984 eorum
571 1935 652 1995 ferret,
670 1935 703 1995 ἃ,
715 1948 764 1983 non
784 1934 866 1987 mimis

115 2015 193 2063 tribus
206 2011 337 2077 puberibus
348 2011 511 2076 praesentibus,
518 2009 623 2058 diceret:
637 2008 779 2075 Qodpopuii
784 2009 865 2072 prisco-

114 2103 165 2136 rum
186 2089 320 2148 Lctinorum,
338 2086 466 2150 hominesque
479 2084 546 2150 prisci
565 2084 638 2132 Latini
650 2083 751 2138 adversus
764 2083 867 2147 populum
908 2123 914 2130 .

115 2164 236 2212 Romanum
248 2162 370 2228 Quiritium
382 2160 490 2224 fecerunt,
508 2159 643 2225 deliquerunt,
662 2158 715 2226 quid
726 2157 867 2224 populusRo.

115 2255 191 2288 manus
203 2239 325 2303 Quiritium
341 2236 416 2284 bessum
432 2251 479 2283 cum
488 2237 564 2301 prisc'u
576 2236 660 2285 Latinis
669 2236 732 2301 suffit
742 2231 786 2299 ese,
798 2235 864 2298 sena·

114 2317 186 2380 susque
201 2315 275 2381 popuii
294 2313 385 2362 Romani
397 2313 522 2377 Quiritium
538 2313 624 2378 ccnficii,
636 2310 739 2378 consensi,
752 2309 863 2376 conscivit}

115 2398 140 2437 ut
149 2389 224 2438 beilum
235 2405 282 2438 cum
298 2389 375 2454 priscis
395 2389 479 2438 Latinis
493 2389 572 2451 serm
589 2386 612 2437 oi
625 2404 671 2436 eam
685 2403 731 2434 rem
749 2401 785 2451 ego
793 2395 863 2453 popu·¹

114 2462 182 2530 iusque
197 2466 305 2513 Romanus
319 2463 404 2528 populis
420 2464 539 2528 priscorum
559 2463 686 2512 latinarum
707 2457 862 2524 hominibuspue

111 2540 188 2604 priscis
200 2541 292 2603 Latinis,
304 2534 453 2588 bellum'a‘ncico
459 2541 567 2605 facioque.
602 2536 631 2587 Id
644 2537 687 2586 ubi
701 2532 805 2596 dixisset,
817 2535 862 2582 ha·
908 2526 920 2541 '

112 2615 174 2664 siam
186 2616 211 2663 in
222 2616 281 2664 fines
296 2630 382 2664 eorum
393 2614 527 2663 emittebat.
551 2615 607 2664 Hoc
618 2625 671 2661 tum
683 2611 758 2660 modo
770 2610 801 2657 ab
811 2611 860 2658 La-

113 2690 171 2738 tinis
182 2692 289 2756 repetita
300 2705 344 2746 roe,
357 2706 384 2739 ac
395 2690 486 2741 bellum
497 2687 628 2738 inditium:
646 2700 792 2752 moremque
803 2668 864 2737 cuns

114 2764 202 2829 posteri
219 2774 372 2831 acceperunt.
854 2786 859 2794 ·

146 2843 272 2889 XXXIII.
292 2843 382 2902 Ancus,
394 2837 539 2888 demandati
550 2836 607 2885 cuci
618 2836 742 2884 sacrorum
753 2834 860 2886 flamini.
907 2793 945 2914 'a

112 2911 158 2965 bus
174 2913 386 2982 sacerdotibusque
405 2913 467 2978 aliis,
486 2913 597 2963 exercitu
618 2925 687 2962 novo
710 2909 857 2978 conscripto,

798 3000 857 3056 pro-
