1964 3660
128 179 176 229 ⁴⁷¹
389 159 615 214 T.L1v11

125 256 241 320 pleraque
252 255 305 317 ejiu
316 253 410 317 generis
423 249 522 314 ingenia
533 247 596 309 sunt,
613 261 669 295 cum
681 243 783 297 fortuna
791 257 883 299 muta··

125 331 201 381 bilem
214 342 324 394 gerentes
336 330 417 378 fidem.
442 326 536 376 Imbres
548 324 668 386 continui,
686 324 779 390 campis
790 326 876 375 omni-

125 406 172 457 buc
184 408 337 467 inundantes,
354 419 431 469 quum
445 399 628 451 interclusissent
645 399 765 449 trifariam
777 403 876 450 exerci-

125 489 205 531 tuma
219 492 306 531 mutuo
319 483 382 529 inter
397 478 421 528 se
441 479 544 541 auxilio,
560 477 611 527 duo
623 475 739 541 praesidia,
757 492 813 541 quae
825 477 876 526 stne

124 568 272 619 regemunt,
289 557 426 623 improviso
440 555 545 604 hostium
556 553 665 602 adventu
682 554 876 619 opprimuntur:

124 628 257 693 deletisque
277 633 318 688 eis,
337 631 368 679 ad
387 629 459 695 ipsius
474 627 626 678 obsidionem
645 643 729 677 ornnes
749 627 876 679 converfi.
947 676 950 683 ,

124 706 187 757 Inde
201 707 234 755 ab
252 708 358 757 Lucanis
375 707 499 757 exsulibus
516 706 547 755 ad
558 706 617 756 suos
630 707 713 756 nuncii
728 705 791 754 missr
802 705 875 755 sunt:
898 702 902 709 '

125 784 246 850 palloque
258 785 337 834 reditu
350 783 490 851 promissum
502 783 544 845 eli,
560 798 651 847 regem,
662 793 706 831 aut
716 783 815 844 vivum,
830 793 878 831 aut

124 870 261 923 mortuum,
280 863 306 910 in
324 861 465 927 potestatem
482 858 591 909 daturos.
627 863 742 909 Ceterum
753 873 816 906 cum
830 858 874 908 de·

124 935 192 985 lctlis
204 937 264 1002 ipse,
281 939 406 1000 egregium
422 936 517 986 sacinus
529 935 607 999 ausus,
626 951 669 1001 per
682 934 777 986 medios
788 949 873 983 erum-

92 1006 94 1013 Α
125 1015 163 1080 pit
174 1015 260 1078 hostes,
279 1015 403 1065 &ducem
416 1017 576 1063 Lucanorum
590 1014 700 1062 cominus
717 1010 875 1075 congressum

125 1090 258 1139 obtruncat
268 1109 279 1151 :¹
293 1091 488 1155 contrahensque
500 1089 555 1138 suos
573 1104 605 1138 ex
619 1089 678 1153 suga
695 1089 798 1155 palatos,
815 1103 873 1154 per·

125 1169 196 1216 venit
215 1168 246 1216 ad
266 1184 372 1230 amnem,
390 1170 466 1217 minis
485 1168 622 1216 recentibus
636 1168 725 1233 pontis,
742 1180 818 1230 quern
832 1166 873 1213 vir

124 1258 195 1308 aquae
206 1244 344 1307 abstulerat,
361 1246 510 1294 indicantem
528 1245 584 1293 iter.
602 1259 676 1309 quem
687 1258 764 1308 quum
777 1243 876 1291 incerto

125 1321 193 1369 vado
205 1320 314 1370 transiret
324 1336 422 1385 agmen,
440 1321 512 1370 sessus
520 1332 587 1370 metu
598 1337 627 1370 ac
638 1320 724 1369 labore
736 1319 815 1380 miles,
832 1321 872 1367 in·
939 1376 942 1381 ,

125 1411 227 1462 crepans
246 1413 337 1447 nomen
357 1398 550 1448 abominandum
568 1399 683 1460 fluminis,
700 1399 757 1462 Jure
773 1394 876 1445 Acheron

124 1474 218 1535 vocaris,
231 1474 320 1537 inquit.
338 1474 405 1539 quod
414 1475 457 1522 ubi
469 1474 500 1522 ad
511 1489 580 1522 aures
590 1473 767 1537 acciditregic5
782 1471 872 1534 adjecit

125 1550 252 1615 extemplo
268 1551 379 1598 animum
395 1549 453 1600 satis
469 1549 532 1611 suis;
550 1550 703 1614 substititque
721 1548 819 1611 dubius,
836 1564 871 1598 an

124 1625 244 1675 transiret.
279 1631 347 1676 Tum
360 1628 466 1676 Sotimus
473 1627 625 1677 minisler.e1
635 1629 708 1691 regiis
716 1628 806 1693 pueris,
820 1629 872 1692 quid

127 1703 218 1753 intanto
229 1705 348 1768 discrimine
356 1707 446 1771 periculi
457 1705 588 1754 conflaretur
598 1707 760 1769 interrogans,
777 1704 875 1755 indicat·

124 1781 241 1832 Lucanos
252 1782 342 1832 insidiis
354 1798 461 1848 quarere
469 1783 559 1832 locum.
571 1787 641 1847 Quos
651 1784 695 1832 ubi
705 1781 814 1848 respexit
824 1797 874 1833 rex

123 1858 211 1923 procul
223 1873 296 1922 grege
309 1858 373 1909 tatto
392 1861 527 1922 venientes,
544 1861 637 1924 stringit
654 1857 769 1924 gladium,
787 1859 812 1908 ἀ
824 1875 870 1926 per

122 1935 231 1983 medium
240 1951 337 1984 amnem
349 1936 492 1986 transmittit
500 1952 599 2001 equum.
625 1941 728 2001 Jamque
736 1937 763 1985 in
775 1937 876 1988 vadum·

122 2009 241 2073 egressum
253 2013 347 2061 eminus
363 2024 453 2073 venito
467 2016 581 2063 Lucanus
599 2014 667 2063 exsul
685 2012 815 2077 transfigit.
833 2015 870 2064 la-

122 2084 194 2152 psum
205 2087 262 2137 inde
280 2103 335 2136 cum
352 2089 484 2137 inhaerente
496 2089 546 2137 telo
558 2105 646 2154 corpus
657 2090 770 2138 exanime
780 2089 876 2140 ‹letirlit-

121 2162 199 2211 amnis
211 2164 236 2210 iu
253 2164 358 2212 hostium
367 2162 482 2228 praestdia.
501 2165 539 2212 Ibi
551 2165 615 2214 soeda
625 2165 740 2213 laceratio
757 2167 875 2230 corpotia

85 2265 87 2268 ⁴
121 2235 193 2286 fasta.
217 2253 332 2302 namque,
358 2240 459 2303 praeciso
476 2241 568 2301 medio,
594 2253 689 2306 partem
709 2240 870 2292 consentiam

123 2311 226 2362 misere:
246 2328 300 2379 pars
320 2313 375 2378 ipsis
395 2325 488 2363 retenta
505 2317 536 2363 ad
555 2316 698 2366 ludibrium.
715 2333 772 2384 quae
789 2334 875 2384 quum

119 2387 209 2453 jaculis
219 2386 333 2455 saxisque>
345 2390 431 2456 procul
446 2389 612 2455 incesseretur,
629 2395 717 2443 mulier
727 2410 785 2458 una,
801 2397 874 2447 ultra·

122 2464 285 2514 humanarum
297 2467 387 2516 iramm
399 2467 473 2517 fidem
485 2467 595 2518 saevienti
607 2471 685 2521 turbae
702 2472 829 2536 immiutta,
840 2484 874 2524 ut

122 2553 255 2605 parumper
263 2541 404 2592 sustinerent
413 2555 519 2609 precata,
531 2547 592 2594 flens
599 2547 642 2608 ait,
651 2544 772 2609 virumstli
782 2546 870 2616 blerejl

119 2631 159 2684 que
169 2624 240 2678 captos
257 2619 314 2681 apud
327 2619 395 2681 hostes*
409 2619 463 2685 ff:
473 2623 571 2686 *spinare
589 2633 675 2688 corpore
690 2623 749 2688 regio
764 2632 875 2692 talemque»

120 2690 211 2739 mulcato
230 2695 318 2757 sesuos
336 2696 507 2761 redempncramr
538 2701 562 2746 Is
581 2697 637 2748 finis
646 2700 796 2749 lacerationi
808 2701 869 2754 suit.

119 2763 295 2832 sepultumque·
310 2770 455 2834 Consentia,
470 2772 538 2837 quod
556 2775 724 2824 membrorum
743 2777 876 2843 reliquum

120 2838 177 2902 suin
195 2845 253 2890 curli
263 2846 370 2897 mulieris
382 2850 467 2898 unius-2
485 2846 584 2912 ossaque
593 2853 769 2915 Metapontum
778 2852 813 2903 ad
821 2855 875 2905 ho·.

88 2960 93 2966 .
119 2915 165 2967 aes
175 2918 285 2983 :omilim
301 2923 358 2975 inde
368 2924 625 2995 Epimntdeueslaad
633 2927 791 2995 cleopatram
799 2944 877 2985 uxo-t

127 3008 156 3039 2..·
812 3023 874 3061 sem
