1964 3660
355 164 597 290 L1nnn1
842 231 861 277 7
916 281 922 289 ⁶

113 308 219 358 inicium
229 305 339 354 flumen.
356 307 406 369 Jor
407 322 446 353 em
458 288 589 369 indigetem
601 302 732 370 appellant.

148 387 196 433 111.
216 383 334 433 Nondum
345 394 453 431 maturus
468 384 577 448 imperio
589 381 704 430 Ascanius
718 382 800 428 AEneae
812 377 859 427 fili·

113 474 143 508 us
154 473 226 509 erat:
244 472 326 508 tamen
338 459 379 507 id'
374 462 503 526 imperium
512 475 534 508 er
527 458 575 507 ad
586 459 703 524 puberem
715 467 810 505 aetatem
821 457 858 504 in

113 538 213 587 colume
223 535 318 586 mansit.
336 536 451 603 tantisper
462 537 537 586 tutelb
549 537 666 585 muliebri
676 538 753 596 (tanta
765 533 860 593 indoles

115 612 141 661 in
155 614 264 663 Lavinia
280 601 340 678 etat)
360 628 400 662 res
409 614 497 661 Latina
508 613 536 661 dc
550 627 652 676 regnum
663 613 759 658 avitum
778 618 858 675 pater·

114 703 225 771 numque
236 705 313 757 puero
324 691 396 739 sletit
425 689 504 738 Haud
509 689 568 736 nihil
576 689 708 751 ambigam,
717 687 781 751 (quis
792 687 859 734 enim

116 779 173 815 rem
174 779 232 816 tam
244 780 353 816 veterem
362 782 408 832 pro
417 777 485 815 certo
493 766 619 830 affirmem)
639 766 733 813 hiccine
741 763 814 812 suerit
825 766 859 810 A

112 841 218 909 scanius,
227 861 258 893 an
267 845 354 907 major,
362 851 435 908 quam
445 845 493 906 hic,
504 844 592 892 Creusd
599 854 676 892 matre
686 843 732 890 Ilio
742 841 861 892 incolumi

115 930 196 984 natus,
213 920 341 986 comesque
353 919 408 973 inde
420 930 526 986 paternae
536 919 613 983 sugae,
626 933 699 982 quem
708 918 788 966 Iulum
800 934 859 966 eun·

117 994 174 1044 dem
183 997 248 1060 Julia
258 1013 315 1061 gens
327 996 452 1046 ausiorcm
462 997 569 1045 nominis
581 994 616 1043 sui
628 1005 760 1058 nuncupat.
789 997 813 1042 Is
825 999 860 1042 A·

117 1071 219 1137 stabius,
234 1074 373 1138 ubicunque
389 1075 574 1138 &quacunque
590 1081 667 1120 matre
685 1071 778 1134 genitus
787 1070 861 1130 (certe

116 1159 203 1198 natum
220 1151 296 1200 AEnes
312 1152 412 1215 constat)
429 1139 569 1199 abundante
580 1148 681 1197 aninii
695 1146 859 1213 multitudine,

116 1227 243 1276 florentem
253 1228 304 1290 jam
319 1231 356 1291 (ut
367 1240 420 1277 tum
435 1244 472 1277 res
486 1232 564 1292 erant)
578 1237 659 1291 atque
665 1225 805 1292 opulentam
817 1239 859 1273 ur·

115 1301 176 1363 bem
184 1305 264 1368 matri,
281 1303 323 1354 seu
335 1321 458 1367 novercae,
476 1304 589 1368 reliquit:
607 1316 658 1350 nov
675 1317 700 1349 m
718 1298 768 1367 ipse
784 1301 860 1349 aliam

115 1379 162 1430 sub
174 1383 270 1431 Albano
280 1395 366 1432 monte
383 1381 507 1442 condidit,
525 1396 587 1445 quae,
604 1380 641 1428 ab·
655 1397 663 1426 ι
707 1377 821 1444 porresiae
832 1380 859 1428 in

117 1457 189 1508 dorso
199 1458 277 1523 urbis,
286 1463 372 1524 L'onga
384 1460 448 1510 Alba
457 1458 586 1525 appellata.
610 1461 677 1520 Inter
688 1458 823 1507 Lavinium
833 1459 859 1509 δε

118 1535 207 1584 Albam
220 1540 333 1600 Longam
345 1539 466 1587 coloniam
478 1535 607 1587 deductam
617 1536 716 1598 triginta
734 1535 810 1583 serme
821 1537 858 1584 in·

116 1611 222 1660 tersuere
236 1613 303 1660 anni.
331 1624 424 1662 tantum
437 1623 519 1661 tamen
528 1627 587 1677 opes
599 1622 733 1674 creverant,
750 1614 860 1662 maxime

116 1686 175 1738 fuss
186 1687 301 1752 Etruscis,
318 1700 347 1736 ut
355 1704 386 1736 ne
400 1699 480 1738 morte
491 1688 592 1753 quidem
604 1689 694 1750 AEncae,
706 1702 751 1736 nec
762 1686 858 1744 deinde,

119 1763 182 1812 inter
191 1765 336 1814 muliebrem
346 1767 448 1816 nnciam
466 1766 680 1830 rudimentumque
691 1764 797 1831 primum
812 1780 857 1831 pu·

118 1840 183 1889 erilis
199 1841 278 1904 regni,
294 1858 397 1891 movere
413 1857 481 1892 arma
497 1852 540 1891 aut
551 1841 688 1890 Mezentius
707 1840 859 1907 Etruscique,

114 1928 162 1965 aut
172 1919 217 1967 ulli
224 1919 267 1967 alii
277 1921 366 1968 aecolae
376 1919 424 1968 aust
435 1920 488 1968 sint.
513 1922 565 1967 Pax
574 1919 608 1967 ita
617 1917 774 1977 convenerat,
786 1926 815 1967 ut
826 1920 858 1966 E·

117 1992 207 2041 truscis
217 1993 359 2057 Latinisque
370 1997 458 2044 fluvius
470 1996 567 2058 Albula,
584 2010 658 2059 quern
669 2009 733 2042 nunc
744 1994 859 2045 Tiberim

116 2079 222 2133 vocant,
233 2069 289 2120 nnis
301 2071 364 2121 esset.
382 2071 468 2122 silvius
479 2073 565 2124 deinde
575 2082 669 2136 regnat,
680 2070 777 2119 Ascanii
787 2070 860 2136 silius,

117 2146 175 2197 casu
186 2145 295 2211 quodam
306 2148 331 2196 in
339 2139 403 2199 silvis
413 2159 492 2199 natus.
532 2153 556 2198 Is
567 2152 660 2199 AEnesn
670 2147 772 2197 Silvium
784 2159 859 2197 creat.

119 2224 140 2272 is
150 2221 237 2271 deinde
244 2224 361 2271 Latinum
373 2223 486 2273 Silvium.
508 2225 548 2274 Ab
560 2241 590 2273 eo
601 2224 704 2274 coloniae
713 2224 810 2288 aliquot
820 2225 861 2275 de-

116 2297 200 2361 dusiae,
216 2298 290 2349 Prisci
299 2302 381 2350 Latini
393 2301 516 2367 appellati.
546 2302 635 2351 Mansit
646 2302 728 2351 Silviis
737 2301 818 2367 postea
829 2318 858 2352 ο-

117 2376 214 2424 mnibus
225 2391 372 2441 cognomen,
384 2379 428 2443 qui
439 2379 508 2428 Albae
519 2380 657 2443 regndrunt
691 2380 782 2429 Latino
795 2380 859 2429 Alba

115 2463 192 2516 onus,
213 2453 276 2502 Alba
288 2459 360 2520 Atys,
373 2459 441 2521 Atye
454 2459 545 2522 Capys,
558 2461 643 2524 Capye
655 2460 768 2523 Capetus,
782 2460 858 2524 Capef
880 2474 884 2483 ·

116 2539 145 2578 to
156 2531 303 2592 Tiberinum
321 2533 372 2596 qui,
381 2534 407 2582 in
415 2534 516 2595 trajestu
524 2535 617 2583 Albulae
628 2536 706 2583 amnis
715 2533 859 2595 submersus,

116 2605 211 2654 celebre
221 2607 252 2656 ad
264 2607 371 2672 posteros
382 2623 474 2658 nornen
484 2611 579 2658 flumini
590 2609 665 2658 dedit.
700 2611 811 2674 Agrippa
821 2599 859 2659 in-

114 2682 148 2730 de
161 2685 274 2733 Tiberini
289 2684 368 2747 silius,
388 2688 441 2752 post
457 2690 594 2759 Agrippam
606 2689 726 2738 Romulus
738 2688 833 2750 Silvius,
845 2694 861 2738 a

117 2769 185 2824 patre
196 2771 300 2826 accepto
308 2764 424 2827 imperio,
436 2776 529 2827 regnat.
549 2766 684 2825 Aventino,
696 2764 798 2810 fulmine
809 2763 860 2828 ipse

115 2833 297 2903 iduoregnum
305 2853 350 2905 per
360 2856 445 2890 manus
455 2841 563 2890 tradidit.
575 2843 602 2904 is,
611 2840 716 2905 sepultus
728 2840 753 2886 in
765 2853 796 2887 eo
805 2839 859 2889 'eol-

118 2909 149 2972 le,
159 2916 198 2978 qui
211 2931 276 2963 nunc
288 2914 384 2980 estpars
395 2919 512 2965 Romanae
523 2916 598 2977 urbis,
611 2930 750 2976 cognomen
759 2917 814 2967 colli
824 2918 859 2969 se-

116 2990 160 3039 cit.
183 2994 262 3043 Proca
272 2991 472 3059 deindetegnat:
489 2994 509 3041 is
524 2993 682 3043 Numitorem
696 3004 770 3062 atque
781 2999 858 3059 Amu-

458 3072 483 3122 A
499 3086 516 3130 4
797 3069 862 3124 lium
