<?xml version="1.0" encoding="UTF-8"?>
<!DOCTYPE html PUBLIC "-//W3C//DTD XHTML 1.0 Transitional//EN"
    "http://www.w3.org/TR/xhtml1/DTD/xhtml1-transitional.dtd">
<html xmlns="http://www.w3.org/1999/xhtml" xml:lang="en" lang="en">
 <head>
  <title>
</title>
<meta http-equiv="Content-Type" content="text/html;charset=utf-8" />
  <meta name='ocr-system' content='tesseract 3.04.00' />
  <meta name='ocr-capabilities' content='ocr_page ocr_carea ocr_par ocr_line ocrx_word'/>
</head>
<body>
  <div class='ocr_page' id='page_1' title='image "./titiliviipatavi00livygoog_0149.png"; bbox 0 0 1964 3660; ppageno 0'>
   <div class='ocr_carea' id='block_1_1' title="bbox 119 158 600 231">
    <p class='ocr_par' dir='ltr' id='par_1_1' title="bbox 119 158 600 231">
     <span class='ocr_line' id='line_1_1' title="bbox 119 158 600 231; baseline -0.012 -14"><span class='ocrx_word' id='word_1_1' title='bbox 119 167 165 231; x_wconf 71' lang='lat' dir='ltr'>ns</span> <span class='ocrx_word' id='word_1_2' title='bbox 372 163 408 214; x_wconf 85' lang='lat' dir='ltr'>r.</span> <span class='ocrx_word' id='word_1_3' title='bbox 443 158 600 212; x_wconf 80' lang='lat' dir='ltr'>urvrr</span> 
     </span>
    </p>
   </div>
   <div class='ocr_carea' id='block_1_2' title="bbox 74 241 895 1308">
    <p class='ocr_par' dir='ltr' id='par_1_2' title="bbox 113 241 877 467">
     <span class='ocr_line' id='line_1_2' title="bbox 113 241 877 314; baseline -0.004 -14"><span class='ocrx_word' id='word_1_4' title='bbox 113 250 189 300; x_wconf 83' lang='lat' dir='ltr'>mitur</span> <span class='ocrx_word' id='word_1_5' title='bbox 205 246 360 314; x_wconf 84' lang='lat' dir='ltr'>hinnitusque</span> <span class='ocrx_word' id='word_1_6' title='bbox 376 262 505 313; x_wconf 82' lang='lat' dir='ltr'>equorum,</span> <span class='ocrx_word' id='word_1_7' title='bbox 528 246 579 310; x_wconf 88' lang='lat' dir='ltr'>qui,</span> <span class='ocrx_word' id='word_1_8' title='bbox 605 243 630 302; x_wconf 76' lang='grc' dir='ltr'>δι</span> <span class='ocrx_word' id='word_1_9' title='bbox 646 241 744 294; x_wconf 88' lang='lat' dir='ltr'>insueto</span> <span class='ocrx_word' id='word_1_10' title='bbox 758 242 877 302; x_wconf 81' lang='lat' dir='ltr'>sedente,</span> 
     </span>
     <span class='ocr_line' id='line_1_3' title="bbox 113 317 857 391; baseline -0.003 -15"><span class='ocrx_word' id='word_1_11' title='bbox 113 330 203 391; x_wconf 89' lang='lat' dir='ltr'>equite,</span> <span class='ocrx_word' id='word_1_12' title='bbox 220 329 245 377; x_wconf 70' lang='grc' dir='ltr'><strong>ἃ</strong></span> <span class='ocrx_word' id='word_1_13' title='bbox 268 325 366 391; x_wconf 82' lang='lat' dir='ltr'>insuper</span> <span class='ocrx_word' id='word_1_14' title='bbox 387 340 463 374; x_wconf 50' lang='lat' dir='ltr'>aures¹</span> <span class='ocrx_word' id='word_1_15' title='bbox 475 325 583 386; x_wconf 81' lang='lat' dir='ltr'>agitante</span> <span class='ocrx_word' id='word_1_16' title='bbox 601 317 692 386; x_wconf 86' lang='lat' dir='ltr'>sonitu,</span> <span class='ocrx_word' id='word_1_17' title='bbox 714 321 857 390; x_wconf 83' lang='lat' dir='ltr'>saeviebant,</span> 
     </span>
     <span class='ocr_line' id='line_1_4' title="bbox 113 396 687 467; baseline -0.016 -12"><span class='ocrx_word' id='word_1_18' title='bbox 113 405 221 455; x_wconf 82' lang='lat' dir='ltr'>intentos</span> <span class='ocrx_word' id='word_1_19' title='bbox 232 405 301 455; x_wconf 88' lang='lat' dir='ltr'>velut</span> <span class='ocrx_word' id='word_1_20' title='bbox 311 402 342 452; x_wconf 90' lang='lat' dir='ltr'>ad</span> <span class='ocrx_word' id='word_1_21' title='bbox 353 403 473 467; x_wconf 86' lang='lat' dir='ltr'>impetum</span> <span class='ocrx_word' id='word_1_22' title='bbox 485 396 588 448; x_wconf 83' lang='lat' dir='ltr'>hostium</span> <span class='ocrx_word' id='word_1_23' title='bbox 599 399 687 447; x_wconf 89' lang='lat' dir='ltr'>tenuit.</span> 
     </span>
    </p>

    <p class='ocr_par' dir='ltr' id='par_1_3' title="bbox 111 473 895 1002">
     <span class='ocr_line' id='line_1_5' title="bbox 112 473 858 541; baseline -0.008 -9"><span class='ocrx_word' id='word_1_24' title='bbox 112 525 116 532; x_wconf 92' lang='lat'><em>.</em></span> <span class='ocrx_word' id='word_1_25' title='bbox 148 483 230 531; x_wconf 86' lang='lat' dir='ltr'><strong>LXV.</strong></span> <span class='ocrx_word' id='word_1_26' title='bbox 248 480 296 529; x_wconf 89' lang='lat' dir='ltr'>Ubi</span> <span class='ocrx_word' id='word_1_27' title='bbox 315 479 406 540; x_wconf 79' lang='lat' dir='ltr'>illuxit,</span> <span class='ocrx_word' id='word_1_28' title='bbox 436 480 570 538; x_wconf 83' lang='lat' dir='ltr'>Romanus,</span> <span class='ocrx_word' id='word_1_29' title='bbox 595 475 691 538; x_wconf 79' lang='lat' dir='ltr'>integer</span> <span class='ocrx_word' id='word_1_30' title='bbox 707 473 858 541; x_wconf 76' lang='lat' dir='ltr'>satiatusque</span> 
     </span>
     <span class='ocr_line' id='line_1_6' title="bbox 111 550 895 624; baseline -0.004 -17"><span class='ocrx_word' id='word_1_31' title='bbox 111 553 202 619; x_wconf 84' lang='lat' dir='ltr'>somno</span> <span class='ocrx_word' id='word_1_32' title='bbox 218 555 348 623; x_wconf 76' lang='lat' dir='ltr'>produsius</span> <span class='ocrx_word' id='word_1_33' title='bbox 367 555 393 624; x_wconf 84' lang='lat' dir='ltr'>in</span> <span class='ocrx_word' id='word_1_34' title='bbox 412 555 499 616; x_wconf 81' lang='lat' dir='ltr'>aciem,</span> <span class='ocrx_word' id='word_1_35' title='bbox 515 550 602 601; x_wconf 86' lang='lat' dir='ltr'>sessum</span> <span class='ocrx_word' id='word_1_36' title='bbox 617 551 702 602; x_wconf 84' lang='lat' dir='ltr'>siando</span> <span class='ocrx_word' id='word_1_37' title='bbox 721 552 747 602; x_wconf 87' lang='lat'>&amp;</span> <span class='ocrx_word' id='word_1_38' title='bbox 764 554 858 616; x_wconf 83' lang='lat' dir='ltr'>vigiliis</span> <span class='ocrx_word' id='word_1_39' title='bbox 891 604 895 612; x_wconf 84' lang='grc'>,</span> 
     </span>
     <span class='ocr_line' id='line_1_7' title="bbox 113 628 858 699; baseline -0.004 -18"><span class='ocrx_word' id='word_1_40' title='bbox 113 632 232 682; x_wconf 87' lang='lat' dir='ltr'>Volscum</span> <span class='ocrx_word' id='word_1_41' title='bbox 251 633 331 699; x_wconf 74' lang='lat' dir='ltr'>primo</span> <span class='ocrx_word' id='word_1_42' title='bbox 350 633 445 697; x_wconf 81' lang='lat' dir='ltr'>impetu</span> <span class='ocrx_word' id='word_1_43' title='bbox 462 629 575 697; x_wconf 87' lang='lat' dir='ltr'>perculit.</span> <span class='ocrx_word' id='word_1_44' title='bbox 609 643 749 693; x_wconf 82' lang='lat' dir='ltr'>quanquam</span> <span class='ocrx_word' id='word_1_45' title='bbox 769 628 858 678; x_wconf 79' lang='lat' dir='ltr'>cessere</span> 
     </span>
     <span class='ocr_line' id='line_1_8' title="bbox 112 705 860 775; baseline -0.003 -18"><span class='ocrx_word' id='word_1_46' title='bbox 112 710 199 772; x_wconf 86' lang='lat' dir='ltr'>magis,</span> <span class='ocrx_word' id='word_1_47' title='bbox 215 715 288 774; x_wconf 78' lang='lat' dir='ltr'>quam</span> <span class='ocrx_word' id='word_1_48' title='bbox 298 708 358 775; x_wconf 86' lang='lat' dir='ltr'>pulsi</span> <span class='ocrx_word' id='word_1_49' title='bbox 369 707 447 756; x_wconf 81' lang='lat' dir='ltr'>hones</span> <span class='ocrx_word' id='word_1_50' title='bbox 459 705 527 755; x_wconf 90' lang='lat' dir='ltr'>sunt:</span> <span class='ocrx_word' id='word_1_51' title='bbox 546 706 603 770; x_wconf 89' lang='lat' dir='ltr'>quia</span> <span class='ocrx_word' id='word_1_52' title='bbox 611 707 643 752; x_wconf 93' lang='lat' dir='ltr'>ab</span> <span class='ocrx_word' id='word_1_53' title='bbox 654 716 724 768; x_wconf 81' lang='lat' dir='ltr'>tergo</span> <span class='ocrx_word' id='word_1_54' title='bbox 735 716 805 754; x_wconf 87' lang='lat' dir='ltr'>erant</span> <span class='ocrx_word' id='word_1_55' title='bbox 813 706 860 755; x_wconf 69' lang='lat' dir='ltr'>eli-v</span> 
     </span>
     <span class='ocr_line' id='line_1_9' title="bbox 113 781 857 851; baseline 0.003 -20"><span class='ocrx_word' id='word_1_56' title='bbox 113 782 150 846; x_wconf 72' lang='lat' dir='ltr'>ni,</span> <span class='ocrx_word' id='word_1_57' title='bbox 167 785 266 847; x_wconf 86' lang='lat' dir='ltr'>inquos</span> <span class='ocrx_word' id='word_1_58' title='bbox 283 784 335 851; x_wconf 80' lang='lat' dir='ltr'>post</span> <span class='ocrx_word' id='word_1_59' title='bbox 352 783 472 850; x_wconf 82' lang='lat' dir='ltr'>principia</span> <span class='ocrx_word' id='word_1_60' title='bbox 488 783 589 846; x_wconf 79' lang='lat' dir='ltr'>integris</span> <span class='ocrx_word' id='word_1_61' title='bbox 602 781 728 831; x_wconf 84' lang='lat' dir='ltr'>ordinibus</span> <span class='ocrx_word' id='word_1_62' title='bbox 740 792 807 833; x_wconf 90' lang='lat' dir='ltr'>tutus</span> <span class='ocrx_word' id='word_1_63' title='bbox 818 800 857 833; x_wconf 88' lang='lat' dir='ltr'>re·</span> 
     </span>
     <span class='ocr_line' id='line_1_10' title="bbox 113 857 858 925; baseline 0 -13"><span class='ocrx_word' id='word_1_64' title='bbox 113 870 199 925; x_wconf 77' lang='lat' dir='ltr'>ceptus</span> <span class='ocrx_word' id='word_1_65' title='bbox 209 859 266 919; x_wconf 79' lang='lat' dir='ltr'>suit.</span> <span class='ocrx_word' id='word_1_66' title='bbox 302 860 401 924; x_wconf 84' lang='lat' dir='ltr'>consul,</span> <span class='ocrx_word' id='word_1_67' title='bbox 418 860 462 921; x_wconf 79' lang='lat' dir='ltr'>ubi</span> <span class='ocrx_word' id='word_1_68' title='bbox 478 859 511 908; x_wconf 79' lang='lat' dir='ltr'>ad</span> <span class='ocrx_word' id='word_1_69' title='bbox 528 860 640 923; x_wconf 87' lang='lat' dir='ltr'>iniquum</span> <span class='ocrx_word' id='word_1_70' title='bbox 658 857 741 908; x_wconf 85' lang='lat' dir='ltr'>locum</span> <span class='ocrx_word' id='word_1_71' title='bbox 753 871 858 913; x_wconf 80' lang='lat' dir='ltr'>ventum</span> 
     </span>
     <span class='ocr_line' id='line_1_11' title="bbox 114 927 857 1002; baseline 0.004 -18"><span class='ocrx_word' id='word_1_72' title='bbox 114 937 156 1000; x_wconf 82' lang='lat' dir='ltr'>esi,</span> <span class='ocrx_word' id='word_1_73' title='bbox 173 936 229 986; x_wconf 72' lang='lat' dir='ltr'>finit</span> <span class='ocrx_word' id='word_1_74' title='bbox 240 939 326 987; x_wconf 86' lang='lat' dir='ltr'>aciem.</span> <span class='ocrx_word' id='word_1_75' title='bbox 359 937 429 987; x_wconf 80' lang='lat' dir='ltr'>miles</span> <span class='ocrx_word' id='word_1_76' title='bbox 439 927 503 1000; x_wconf 71' lang='lat' dir='ltr'>aegre</span> <span class='ocrx_word' id='word_1_77' title='bbox 517 936 602 997; x_wconf 84' lang='lat' dir='ltr'>teneri,</span> <span class='ocrx_word' id='word_1_78' title='bbox 619 933 723 983; x_wconf 88' lang='lat' dir='ltr'>clamare</span> <span class='ocrx_word' id='word_1_79' title='bbox 735 935 760 984; x_wconf 70' lang='grc' dir='ltr'><strong>ἃ</strong></span> <span class='ocrx_word' id='word_1_80' title='bbox 771 937 857 1002; x_wconf 86' lang='lat' dir='ltr'>posce·</span> 
     </span>
    </p>

    <p class='ocr_par' dir='ltr' id='par_1_4' title="bbox 74 1012 858 1308">
     <span class='ocr_line' id='line_1_12' title="bbox 74 1012 858 1080; baseline 0.003 -16"><span class='ocrx_word' id='word_1_81' title='bbox 74 1059 77 1064; x_wconf 91' lang='lat'><em>.</em></span> <span class='ocrx_word' id='word_1_82' title='bbox 113 1028 149 1076; x_wconf 80' lang='lat' dir='ltr'>re,</span> <span class='ocrx_word' id='word_1_83' title='bbox 165 1014 412 1080; x_wconf 81' lang='lat' dir='ltr'>utpercuisrsinsiare</span> <span class='ocrx_word' id='word_1_84' title='bbox 422 1014 502 1063; x_wconf 79' lang='lat' dir='ltr'>liceat.</span> <span class='ocrx_word' id='word_1_85' title='bbox 537 1012 652 1071; x_wconf 77' lang='lat' dir='ltr'>Ferocius</span> <span class='ocrx_word' id='word_1_86' title='bbox 663 1020 739 1075; x_wconf 81' lang='lat' dir='ltr'>agunt</span> <span class='ocrx_word' id='word_1_87' title='bbox 749 1015 858 1078; x_wconf 83' lang='lat' dir='ltr'>equitess</span> 
     </span>
     <span class='ocr_line' id='line_1_13' title="bbox 113 1085 857 1152; baseline 0.005 -16"><span class='ocrx_word' id='word_1_88' title='bbox 113 1088 252 1144; x_wconf 72' lang='lat' dir='ltr'>circumfusi</span> <span class='ocrx_word' id='word_1_89' title='bbox 271 1090 328 1139; x_wconf 87' lang='lat' dir='ltr'>duci</span> <span class='ocrx_word' id='word_1_90' title='bbox 355 1090 531 1150; x_wconf 85' lang='lat' dir='ltr'>vociferantur,</span> <span class='ocrx_word' id='word_1_91' title='bbox 555 1085 658 1139; x_wconf 53' lang='lat' dir='ltr'>stante&gt;</span> <span class='ocrx_word' id='word_1_92' title='bbox 679 1086 745 1151; x_wconf 78' lang='lat' dir='ltr'>signa</span> <span class='ocrx_word' id='word_1_93' title='bbox 767 1090 857 1152; x_wconf 75' lang='lat' dir='ltr'>ituros,</span> 
     </span>
     <span class='ocr_line' id='line_1_14' title="bbox 113 1163 857 1227; baseline -0.004 -9"><span class='ocrx_word' id='word_1_94' title='bbox 113 1166 184 1218; x_wconf 84' lang='lat' dir='ltr'>Dum</span> <span class='ocrx_word' id='word_1_95' title='bbox 201 1166 326 1214; x_wconf 73' lang='lat' dir='ltr'>cunstatut</span> <span class='ocrx_word' id='word_1_96' title='bbox 344 1165 437 1227; x_wconf 87' lang='lat' dir='ltr'>consul,</span> <span class='ocrx_word' id='word_1_97' title='bbox 453 1166 548 1215; x_wconf 87' lang='lat' dir='ltr'>virtute</span> <span class='ocrx_word' id='word_1_98' title='bbox 569 1163 676 1213; x_wconf 86' lang='lat' dir='ltr'>militum</span> <span class='ocrx_word' id='word_1_99' title='bbox 696 1163 780 1227; x_wconf 78' lang='lat' dir='ltr'>frenis,</span> <span class='ocrx_word' id='word_1_100' title='bbox 797 1166 857 1215; x_wconf 86' lang='lat' dir='ltr'>locu</span> 
     </span>
     <span class='ocr_line' id='line_1_15' title="bbox 114 1240 858 1308; baseline 0.004 -19"><span class='ocrx_word' id='word_1_101' title='bbox 114 1256 202 1306; x_wconf 84' lang='lat' dir='ltr'>parum</span> <span class='ocrx_word' id='word_1_102' title='bbox 222 1240 306 1305; x_wconf 86' lang='lat' dir='ltr'>fidens,</span> <span class='ocrx_word' id='word_1_103' title='bbox 328 1243 490 1306; x_wconf 70' lang='lat' dir='ltr'>conclamant,</span> <span class='ocrx_word' id='word_1_104' title='bbox 513 1242 538 1291; x_wconf 89' lang='lat' dir='ltr'>se</span> <span class='ocrx_word' id='word_1_105' title='bbox 558 1243 649 1292; x_wconf 87' lang='lat' dir='ltr'>ituros:</span> <span class='ocrx_word' id='word_1_106' title='bbox 675 1242 858 1308; x_wconf 81' lang='lat' dir='ltr'>clamoremque</span> 
     </span>
    </p>
   </div>
   <div class='ocr_carea' id='block_1_3' title="bbox 29 1315 857 1387">
    <p class='ocr_par' dir='ltr' id='par_1_5' title="bbox 29 1315 857 1387">
     <span class='ocr_line' id='line_1_16' title="bbox 29 1315 857 1387; baseline 0.006 -24"><span class='ocrx_word' id='word_1_107' title='bbox 29 1347 31 1351; x_wconf 62' lang='grc'><strong><em>«</em></strong></span> <span class='ocrx_word' id='word_1_108' title='bbox 113 1330 152 1373; x_wconf 71' lang='lat' dir='ltr'>scs</span> <span class='ocrx_word' id='word_1_109' title='bbox 166 1316 200 1364; x_wconf 81' lang='lat' dir='ltr'>est</span> <span class='ocrx_word' id='word_1_110' title='bbox 211 1315 302 1365; x_wconf 86' lang='lat' dir='ltr'>secuta.</span> <span class='ocrx_word' id='word_1_111' title='bbox 336 1318 441 1366; x_wconf 83' lang='lat' dir='ltr'>Fixisin</span> <span class='ocrx_word' id='word_1_112' title='bbox 457 1328 546 1366; x_wconf 86' lang='lat' dir='ltr'>terram</span> <span class='ocrx_word' id='word_1_113' title='bbox 558 1317 622 1383; x_wconf 87' lang='lat' dir='ltr'>pilis,</span> <span class='ocrx_word' id='word_1_114' title='bbox 637 1320 687 1387; x_wconf 68' lang='lat' dir='ltr'>qud</span> <span class='ocrx_word' id='word_1_115' title='bbox 702 1316 807 1366; x_wconf 85' lang='lat' dir='ltr'>leviores</span> <span class='ocrx_word' id='word_1_116' title='bbox 817 1333 857 1368; x_wconf 85' lang='lat' dir='ltr'>ar·</span> 
     </span>
    </p>
   </div>
   <div class='ocr_carea' id='block_1_4' title="bbox 112 1392 901 2448">
    <p class='ocr_par' dir='ltr' id='par_1_6' title="bbox 112 1392 901 2448">
     <span class='ocr_line' id='line_1_17' title="bbox 113 1392 857 1461; baseline 0.004 -20"><span class='ocrx_word' id='word_1_117' title='bbox 113 1392 162 1441; x_wconf 83' lang='lat' dir='ltr'>dua</span> <span class='ocrx_word' id='word_1_118' title='bbox 174 1393 313 1457; x_wconf 79' lang='lat' dir='ltr'>evaderent,</span> <span class='ocrx_word' id='word_1_119' title='bbox 331 1394 401 1443; x_wconf 86' lang='lat' dir='ltr'>cursu</span> <span class='ocrx_word' id='word_1_120' title='bbox 413 1393 526 1444; x_wconf 89' lang='lat' dir='ltr'>subeunt.</span> <span class='ocrx_word' id='word_1_121' title='bbox 543 1393 656 1457; x_wconf 78' lang='lat' dir='ltr'>Volscus,</span> <span class='ocrx_word' id='word_1_122' title='bbox 673 1392 751 1443; x_wconf 82' lang='lat' dir='ltr'>effusis</span> <span class='ocrx_word' id='word_1_123' title='bbox 764 1394 794 1442; x_wconf 87' lang='lat' dir='ltr'>ad</span> <span class='ocrx_word' id='word_1_124' title='bbox 805 1396 857 1461; x_wconf 88' lang='lat' dir='ltr'>pri·</span> 
     </span>
     <span class='ocr_line' id='line_1_18' title="bbox 114 1467 857 1539; baseline 0.007 -22"><span class='ocrx_word' id='word_1_125' title='bbox 114 1482 184 1517; x_wconf 84' lang='lat' dir='ltr'>mum</span> <span class='ocrx_word' id='word_1_126' title='bbox 194 1467 315 1534; x_wconf 80' lang='lat' dir='ltr'>impetum</span> <span class='ocrx_word' id='word_1_127' title='bbox 324 1468 448 1519; x_wconf 82' lang='lat' dir='ltr'>miffilibus</span> <span class='ocrx_word' id='word_1_128' title='bbox 459 1470 520 1533; x_wconf 88' lang='lat' dir='ltr'>telis,</span> <span class='ocrx_word' id='word_1_129' title='bbox 538 1468 599 1520; x_wconf 79' lang='lat' dir='ltr'>saxa</span> <span class='ocrx_word' id='word_1_130' title='bbox 607 1469 857 1539; x_wconf 26' lang='lat' dir='ltr'>objacentiaupedibus</span> 
     </span>
     <span class='ocr_line' id='line_1_19' title="bbox 114 1543 856 1612; baseline 0.011 -22"><span class='ocrx_word' id='word_1_131' title='bbox 114 1543 204 1605; x_wconf 80' lang='lat' dir='ltr'>ingerit</span> <span class='ocrx_word' id='word_1_132' title='bbox 226 1544 252 1592; x_wconf 87' lang='lat' dir='ltr'>in</span> <span class='ocrx_word' id='word_1_133' title='bbox 268 1544 405 1610; x_wconf 85' lang='lat' dir='ltr'>subeuntes,</span> <span class='ocrx_word' id='word_1_134' title='bbox 425 1546 585 1612; x_wconf 82' lang='lat' dir='ltr'>turbatosque</span> <span class='ocrx_word' id='word_1_135' title='bbox 601 1545 688 1595; x_wconf 70' lang='lat' dir='ltr'>idibus</span> <span class='ocrx_word' id='word_1_136' title='bbox 706 1545 797 1596; x_wconf 78' lang='lat' dir='ltr'>crebris</span> <span class='ocrx_word' id='word_1_137' title='bbox 814 1563 856 1598; x_wconf 83' lang='lat' dir='ltr'>ur·</span> 
     </span>
     <span class='ocr_line' id='line_1_20' title="bbox 114 1620 857 1692; baseline 0.009 -26"><span class='ocrx_word' id='word_1_138' title='bbox 114 1630 173 1684; x_wconf 79' lang='lat' dir='ltr'>guet</span> <span class='ocrx_word' id='word_1_139' title='bbox 191 1634 223 1669; x_wconf 85' lang='lat' dir='ltr'>ex</span> <span class='ocrx_word' id='word_1_140' title='bbox 239 1620 363 1688; x_wconf 83' lang='lat' dir='ltr'>superiore</span> <span class='ocrx_word' id='word_1_141' title='bbox 373 1623 439 1690; x_wconf 72' lang='lat' dir='ltr'>leco.</span> <span class='ocrx_word' id='word_1_142' title='bbox 475 1625 512 1674; x_wconf 87' lang='lat' dir='ltr'>Sic</span> <span class='ocrx_word' id='word_1_143' title='bbox 524 1627 601 1692; x_wconf 78' lang='lat' dir='ltr'>prope</span> <span class='ocrx_word' id='word_1_144' title='bbox 615 1634 744 1674; x_wconf 86' lang='lat' dir='ltr'>oneratum</span> <span class='ocrx_word' id='word_1_145' title='bbox 755 1625 787 1673; x_wconf 81' lang='lat' dir='ltr'>esi</span> <span class='ocrx_word' id='word_1_146' title='bbox 800 1624 857 1692; x_wconf 55' lang='lat' dir='ltr'>sini,</span> 
     </span>
     <span class='ocr_line' id='line_1_21' title="bbox 113 1695 857 1770; baseline 0.011 -26"><span class='ocrx_word' id='word_1_147' title='bbox 113 1695 188 1745; x_wconf 86' lang='lat' dir='ltr'>strum</span> <span class='ocrx_word' id='word_1_148' title='bbox 206 1700 323 1748; x_wconf 86' lang='lat' dir='ltr'>Romanis</span> <span class='ocrx_word' id='word_1_149' title='bbox 342 1714 429 1762; x_wconf 89' lang='lat' dir='ltr'>cornu,</span> <span class='ocrx_word' id='word_1_150' title='bbox 450 1701 480 1749; x_wconf 89' lang='lat' dir='ltr'>ni</span> <span class='ocrx_word' id='word_1_151' title='bbox 501 1700 661 1751; x_wconf 81' lang='lat' dir='ltr'>reserantibus</span> <span class='ocrx_word' id='word_1_152' title='bbox 679 1702 732 1766; x_wconf 86' lang='lat' dir='ltr'>jam</span> <span class='ocrx_word' id='word_1_153' title='bbox 754 1702 857 1770; x_wconf 80' lang='lat' dir='ltr'>gradum</span> 
     </span>
     <span class='ocr_line' id='line_1_22' title="bbox 114 1771 857 1843; baseline 0.007 -21"><span class='ocrx_word' id='word_1_154' title='bbox 114 1771 206 1836; x_wconf 90' lang='lat' dir='ltr'>consul,</span> <span class='ocrx_word' id='word_1_155' title='bbox 224 1774 372 1840; x_wconf 86' lang='lat' dir='ltr'>increpando</span> <span class='ocrx_word' id='word_1_156' title='bbox 391 1774 461 1824; x_wconf 85' lang='lat' dir='ltr'>simul</span> <span class='ocrx_word' id='word_1_157' title='bbox 478 1778 654 1838; x_wconf 78' lang='lat' dir='ltr'>temeritatem,</span> <span class='ocrx_word' id='word_1_158' title='bbox 671 1776 749 1827; x_wconf 69' lang='lat' dir='ltr'>simus</span> <span class='ocrx_word' id='word_1_159' title='bbox 759 1779 857 1843; x_wconf 78' lang='lat' dir='ltr'>ignavi-</span> 
     </span>
     <span class='ocr_line' id='line_1_23' title="bbox 113 1849 856 1919; baseline 0.013 -24"><span class='ocrx_word' id='word_1_160' title='bbox 113 1862 163 1910; x_wconf 92' lang='lat' dir='ltr'>am,</span> <span class='ocrx_word' id='word_1_161' title='bbox 180 1849 274 1915; x_wconf 76' lang='lat' dir='ltr'>pudure</span> <span class='ocrx_word' id='word_1_162' title='bbox 287 1859 386 1903; x_wconf 83' lang='lat' dir='ltr'>metum.</span> <span class='ocrx_word' id='word_1_163' title='bbox 397 1849 550 1900; x_wconf 75' lang='lat' dir='ltr'>excussisset.-</span> <span class='ocrx_word' id='word_1_164' title='bbox 573 1851 690 1901; x_wconf 83' lang='lat' dir='ltr'>Restitere</span> <span class='ocrx_word' id='word_1_165' title='bbox 711 1852 791 1919; x_wconf 81' lang='lat' dir='ltr'>primb</span> <span class='ocrx_word' id='word_1_166' title='bbox 810 1854 856 1905; x_wconf 84' lang='lat' dir='ltr'>ob-</span> 
     </span>
     <span class='ocr_line' id='line_1_24' title="bbox 112 1923 856 1995; baseline 0.008 -20"><span class='ocrx_word' id='word_1_167' title='bbox 112 1923 204 1975; x_wconf 75' lang='lat' dir='ltr'>stinatis</span> <span class='ocrx_word' id='word_1_168' title='bbox 220 1928 324 1976; x_wconf 87' lang='lat' dir='ltr'>animis:</span> <span class='ocrx_word' id='word_1_169' title='bbox 341 1926 437 1991; x_wconf 87' lang='lat' dir='ltr'>deinde,</span> <span class='ocrx_word' id='word_1_170' title='bbox 454 1938 482 1976; x_wconf 91' lang='lat' dir='ltr'>ut</span> <span class='ocrx_word' id='word_1_171' title='bbox 502 1929 527 1977; x_wconf 89' lang='lat' dir='ltr'>in</span> <span class='ocrx_word' id='word_1_172' title='bbox 540 1928 683 1995; x_wconf 83' lang='lat' dir='ltr'>obtinentes.</span> <span class='ocrx_word' id='word_1_173' title='bbox 696 1929 780 1980; x_wconf 88' lang='lat' dir='ltr'>locum</span> <span class='ocrx_word' id='word_1_174' title='bbox 791 1932 856 1982; x_wconf 80' lang='lat' dir='ltr'>vires</span> 
     </span>
     <span class='ocr_line' id='line_1_25' title="bbox 113 1997 857 2069; baseline 0.012 -22"><span class='ocrx_word' id='word_1_175' title='bbox 113 1997 233 2065; x_wconf 82' lang='lat' dir='ltr'>serebant,</span> <span class='ocrx_word' id='word_1_176' title='bbox 255 2002 350 2054; x_wconf 83' lang='lat' dir='ltr'>audent</span> <span class='ocrx_word' id='word_1_177' title='bbox 362 2003 428 2052; x_wconf 89' lang='lat' dir='ltr'>ultro</span> <span class='ocrx_word' id='word_1_178' title='bbox 448 2002 552 2067; x_wconf 83' lang='lat' dir='ltr'>gradum</span> <span class='ocrx_word' id='word_1_179' title='bbox 570 2005 675 2065; x_wconf 78' lang='lat' dir='ltr'>inferre3</span> <span class='ocrx_word' id='word_1_180' title='bbox 700 2005 733 2069; x_wconf 76' lang='lat' dir='ltr'>dt,</span> <span class='ocrx_word' id='word_1_181' title='bbox 751 2005 857 2056; x_wconf 87' lang='lat' dir='ltr'>elamore</span> 
     </span>
     <span class='ocr_line' id='line_1_26' title="bbox 113 2079 858 2145; baseline 0.009 -21"><span class='ocrx_word' id='word_1_182' title='bbox 113 2090 244 2142; x_wconf 83' lang='lat' dir='ltr'>renovato,</span> <span class='ocrx_word' id='word_1_183' title='bbox 255 2090 416 2130; x_wconf 82' lang='lat' dir='ltr'>commovent</span> <span class='ocrx_word' id='word_1_184' title='bbox 427 2081 513 2130; x_wconf 90' lang='lat' dir='ltr'>aciem.</span> <span class='ocrx_word' id='word_1_185' title='bbox 541 2090 594 2130; x_wconf 89' lang='lat' dir='ltr'>tum</span> <span class='ocrx_word' id='word_1_186' title='bbox 605 2079 693 2141; x_wconf 86' lang='lat' dir='ltr'>rursus,</span> <span class='ocrx_word' id='word_1_187' title='bbox 710 2080 806 2145; x_wconf 89' lang='lat' dir='ltr'>impetu</span> <span class='ocrx_word' id='word_1_188' title='bbox 816 2097 858 2131; x_wconf 86' lang='lat' dir='ltr'>ca·</span> 
     </span>
     <span class='ocr_line' id='line_1_27' title="bbox 113 2155 901 2221; baseline 0.005 -21"><span class='ocrx_word' id='word_1_189' title='bbox 113 2162 166 2218; x_wconf 83' lang='lat' dir='ltr'>pto,</span> <span class='ocrx_word' id='word_1_190' title='bbox 192 2156 324 2216; x_wconf 89' lang='lat' dir='ltr'>enituntur,</span> <span class='ocrx_word' id='word_1_191' title='bbox 352 2165 427 2220; x_wconf 88' lang='lat' dir='ltr'>atque</span> <span class='ocrx_word' id='word_1_192' title='bbox 449 2155 597 2221; x_wconf 80' lang='lat' dir='ltr'>exsuperant</span> <span class='ocrx_word' id='word_1_193' title='bbox 618 2155 775 2216; x_wconf 87' lang='lat' dir='ltr'>iniquitatem</span> <span class='ocrx_word' id='word_1_194' title='bbox 797 2157 857 2206; x_wconf 81' lang='lat' dir='ltr'>loci.</span> <span class='ocrx_word' id='word_1_195' title='bbox 896 2166 901 2176; x_wconf 74' lang='lat'><strong>⁴</strong></span> 
     </span>
     <span class='ocr_line' id='line_1_28' title="bbox 113 2226 856 2293; baseline 0.011 -21"><span class='ocrx_word' id='word_1_196' title='bbox 113 2226 170 2291; x_wconf 86' lang='lat' dir='ltr'>Jam</span> <span class='ocrx_word' id='word_1_197' title='bbox 189 2233 265 2293; x_wconf 73' lang='lat' dir='ltr'>prope</span> <span class='ocrx_word' id='word_1_198' title='bbox 282 2241 344 2293; x_wconf 84' lang='lat' dir='ltr'>erat,</span> <span class='ocrx_word' id='word_1_199' title='bbox 359 2242 387 2278; x_wconf 89' lang='lat' dir='ltr'>ut</span> <span class='ocrx_word' id='word_1_200' title='bbox 403 2229 430 2280; x_wconf 86' lang='lat' dir='ltr'>in</span> <span class='ocrx_word' id='word_1_201' title='bbox 447 2228 571 2281; x_wconf 75' lang='lat' dir='ltr'>saturnum</span> <span class='ocrx_word' id='word_1_202' title='bbox 587 2229 647 2278; x_wconf 88' lang='lat' dir='ltr'>clivi</span> <span class='ocrx_word' id='word_1_203' title='bbox 659 2228 749 2291; x_wconf 84' lang='lat' dir='ltr'>jugum</span> <span class='ocrx_word' id='word_1_204' title='bbox 765 2231 856 2280; x_wconf 86' lang='lat' dir='ltr'>evade-</span> 
     </span>
     <span class='ocr_line' id='line_1_29' title="bbox 113 2303 857 2371; baseline 0.009 -21"><span class='ocrx_word' id='word_1_205' title='bbox 113 2312 176 2364; x_wconf 82' lang='lat' dir='ltr'>rent,</span> <span class='ocrx_word' id='word_1_206' title='bbox 193 2319 269 2367; x_wconf 92' lang='lat' dir='ltr'>quum</span> <span class='ocrx_word' id='word_1_207' title='bbox 284 2316 352 2369; x_wconf 81' lang='lat' dir='ltr'>terga</span> <span class='ocrx_word' id='word_1_208' title='bbox 365 2305 557 2356; x_wconf 77' lang='lat' dir='ltr'>hostendederc:</span> <span class='ocrx_word' id='word_1_209' title='bbox 575 2303 701 2369; x_wconf 81' lang='lat' dir='ltr'>effusoque</span> <span class='ocrx_word' id='word_1_210' title='bbox 712 2304 782 2353; x_wconf 87' lang='lat' dir='ltr'>cursu</span> <span class='ocrx_word' id='word_1_211' title='bbox 794 2309 857 2371; x_wconf 71' lang='lat' dir='ltr'>pene</span> 
     </span>
     <span class='ocr_line' id='line_1_30' title="bbox 112 2378 859 2448; baseline 0.008 -23"><span class='ocrx_word' id='word_1_212' title='bbox 112 2378 209 2440; x_wconf 80' lang='lat' dir='ltr'>agmine</span> <span class='ocrx_word' id='word_1_213' title='bbox 221 2395 271 2433; x_wconf 84' lang='lat' dir='ltr'>uno</span> <span class='ocrx_word' id='word_1_214' title='bbox 281 2380 401 2443; x_wconf 82' lang='lat' dir='ltr'>fugientes</span> <span class='ocrx_word' id='word_1_215' title='bbox 413 2379 585 2448; x_wconf 83' lang='lat' dir='ltr'>sequentesque</span> <span class='ocrx_word' id='word_1_216' title='bbox 597 2381 677 2433; x_wconf 81' lang='lat' dir='ltr'>castris</span> <span class='ocrx_word' id='word_1_217' title='bbox 688 2378 803 2430; x_wconf 86' lang='lat' dir='ltr'>incidere.</span> <span class='ocrx_word' id='word_1_218' title='bbox 825 2384 859 2435; x_wconf 88' lang='lat' dir='ltr'>In</span> 
     </span>
    </p>
   </div>
   <div class='ocr_carea' id='block_1_5' title="bbox 37 2453 859 2524">
    <p class='ocr_par' dir='ltr' id='par_1_7' title="bbox 37 2453 859 2524">
     <span class='ocr_line' id='line_1_31' title="bbox 37 2453 859 2524; baseline 0.016 -26"><span class='ocrx_word' id='word_1_219' title='bbox 37 2493 40 2498; x_wconf 91' lang='lat'><em>.</em></span> <span class='ocrx_word' id='word_1_220' title='bbox 113 2468 144 2521; x_wconf 81' lang='lat' dir='ltr'>eo</span> <span class='ocrx_word' id='word_1_221' title='bbox 156 2463 248 2518; x_wconf 76' lang='lat' dir='ltr'>pavore</span> <span class='ocrx_word' id='word_1_222' title='bbox 266 2455 340 2503; x_wconf 81' lang='lat' dir='ltr'>casira</span> <span class='ocrx_word' id='word_1_223' title='bbox 359 2461 496 2524; x_wconf 86' lang='lat' dir='ltr'>capiuntur.</span> <span class='ocrx_word' id='word_1_224' title='bbox 531 2456 577 2522; x_wconf 89' lang='lat' dir='ltr'>qui·</span> <span class='ocrx_word' id='word_1_225' title='bbox 588 2453 737 2507; x_wconf 87' lang='lat' dir='ltr'>Volscorum</span> <span class='ocrx_word' id='word_1_226' title='bbox 748 2456 859 2522; x_wconf 81' lang='lat' dir='ltr'>effugere</span> 
     </span>
    </p>
   </div>
   <div class='ocr_carea' id='block_1_6' title="bbox 95 2526 859 2826">
    <p class='ocr_par' dir='ltr' id='par_1_8' title="bbox 113 2526 857 2605">
     <span class='ocr_line' id='line_1_32' title="bbox 113 2526 857 2605; baseline 0.008 -27"><span class='ocrx_word' id='word_1_227' title='bbox 113 2540 254 2605; x_wconf 72' lang='lat' dir='ltr'>potuerunt,</span> <span class='ocrx_word' id='word_1_228' title='bbox 274 2532 377 2582; x_wconf 82' lang='lat' dir='ltr'>Antium</span> <span class='ocrx_word' id='word_1_229' title='bbox 395 2545 488 2599; x_wconf 89' lang='lat' dir='ltr'>petunt.</span> <span class='ocrx_word' id='word_1_230' title='bbox 512 2532 626 2591; x_wconf 64' lang='lat' dir='ltr'>¹nntium</span> <span class='ocrx_word' id='word_1_231' title='bbox 638 2532 662 2580; x_wconf 73' lang='grc' dir='ltr'><strong>ἃ</strong></span> <span class='ocrx_word' id='word_1_232' title='bbox 674 2535 799 2581; x_wconf 87' lang='lat' dir='ltr'>Romanus</span> <span class='ocrx_word' id='word_1_233' title='bbox 810 2526 857 2584; x_wconf 54' lang='lat' dir='ltr'>ex?</span> 
     </span>
    </p>

    <p class='ocr_par' dir='ltr' id='par_1_9' title="bbox 95 2605 859 2826">
     <span class='ocr_line' id='line_1_33' title="bbox 95 2605 859 2673; baseline 0.004 -20"><span class='ocrx_word' id='word_1_234' title='bbox 95 2616 100 2623; x_wconf 91' lang='grc'><strong><em>’</em></strong></span> <span class='ocrx_word' id='word_1_235' title='bbox 113 2607 201 2671; x_wconf 86' lang='lat' dir='ltr'>ercitus</span> <span class='ocrx_word' id='word_1_236' title='bbox 212 2605 295 2656; x_wconf 70' lang='lat' dir='ltr'>dusius</span> <span class='ocrx_word' id='word_1_237' title='bbox 306 2625 312 2655; x_wconf 92' lang='lat'>:</span> <span class='ocrx_word' id='word_1_238' title='bbox 330 2622 421 2673; x_wconf 85' lang='lat' dir='ltr'>paucos</span> <span class='ocrx_word' id='word_1_239' title='bbox 432 2607 611 2659; x_wconf 82' lang='lat' dir='ltr'>circumsessum</span> <span class='ocrx_word' id='word_1_240' title='bbox 623 2606 673 2657; x_wconf 90' lang='lat' dir='ltr'>dies</span> <span class='ocrx_word' id='word_1_241' title='bbox 684 2607 789 2671; x_wconf 86' lang='lat' dir='ltr'>deditur,</span> <span class='ocrx_word' id='word_1_242' title='bbox 800 2609 859 2656; x_wconf 86' lang='lat' dir='ltr'>nul--</span> 
     </span>
     <span class='ocr_line' id='line_1_34' title="bbox 113 2680 856 2748; baseline 0.004 -16"><span class='ocrx_word' id='word_1_243' title='bbox 113 2680 137 2732; x_wconf 70' lang='lat' dir='ltr'>la</span> <span class='ocrx_word' id='word_1_244' title='bbox 148 2682 344 2748; x_wconf 81' lang='lat' dir='ltr'>oppugnantium</span> <span class='ocrx_word' id='word_1_245' title='bbox 361 2684 428 2732; x_wconf 72' lang='lat' dir='ltr'>novi</span> <span class='ocrx_word' id='word_1_246' title='bbox 439 2685 466 2733; x_wconf 93' lang='lat' dir='ltr'>vi</span> <span class='ocrx_word' id='word_1_247' title='bbox 477 2704 484 2744; x_wconf 73' lang='lat' dir='ltr'>i</span> <span class='ocrx_word' id='word_1_248' title='bbox 500 2684 540 2733; x_wconf 86' lang='lat' dir='ltr'>sed</span> <span class='ocrx_word' id='word_1_249' title='bbox 560 2683 627 2748; x_wconf 82' lang='lat' dir='ltr'>qubd</span> <span class='ocrx_word' id='word_1_250' title='bbox 642 2683 693 2747; x_wconf 87' lang='lat' dir='ltr'>jam</span> <span class='ocrx_word' id='word_1_251' title='bbox 708 2683 764 2734; x_wconf 91' lang='lat' dir='ltr'>inde</span> <span class='ocrx_word' id='word_1_252' title='bbox 775 2684 807 2734; x_wconf 86' lang='lat' dir='ltr'>ab</span> <span class='ocrx_word' id='word_1_253' title='bbox 818 2685 856 2736; x_wconf 86' lang='lat' dir='ltr'>iu.-</span> 
     </span>
     <span class='ocr_line' id='line_1_35' title="bbox 111 2754 758 2826; baseline -0.003 -15"><span class='ocrx_word' id='word_1_254' title='bbox 111 2754 178 2811; x_wconf 74' lang='lat' dir='ltr'>{elici</span> <span class='ocrx_word' id='word_1_255' title='bbox 189 2774 272 2826; x_wconf 84' lang='lat' dir='ltr'>pugna</span> <span class='ocrx_word' id='word_1_256' title='bbox 288 2757 414 2826; x_wconf 85' lang='lat' dir='ltr'>castrisque</span> <span class='ocrx_word' id='word_1_257' title='bbox 426 2759 512 2810; x_wconf 79' lang='lat' dir='ltr'>amissis</span> <span class='ocrx_word' id='word_1_258' title='bbox 522 2759 661 2813; x_wconf 86' lang='lat' dir='ltr'>ceciderant</span> <span class='ocrx_word' id='word_1_259' title='bbox 672 2759 758 2810; x_wconf 88' lang='lat' dir='ltr'>animi.</span> 
     </span>
    </p>
   </div>
   <div class='ocr_carea' id='block_1_7' title="bbox 691 2875 861 2969">
    <p class='ocr_par' dir='ltr' id='par_1_10' title="bbox 691 2875 861 2969">
     <span class='ocr_line' id='line_1_36' title="bbox 691 2875 861 2969; baseline -0.018 -6"><span class='ocrx_word' id='word_1_260' title='bbox 691 2875 861 2969; x_wconf 69' lang='lat' dir='ltr'>mnan</span> 
     </span>
    </p>
   </div>
   <div class='ocr_carea' id='block_1_8' title="bbox 0 0 987 3660">
    <p class='ocr_par' dir='ltr' id='par_1_11' title="bbox 0 0 987 3660">
     <span class='ocr_line' id='line_1_37' title="bbox 0 0 987 3660; baseline 0 0"><span class='ocrx_word' id='word_1_261' title='bbox 0 0 987 3660; x_wconf 95' lang='lat' dir='ltr'> </span> 
     </span>
    </p>
   </div>
  </div>
 </body>
</html>
