1964 3660
141 145 193 197 ιιι
389 132 426 182 ⁶1¹.
460 125 618 182 L1v11

142 224 227 274 ciunt:
244 225 275 271 eo
286 221 310 271 se
321 220 429 273 inserunt
440 220 542 285 objeslis
551 219 650 287 parrum,
667 216 710 277 ubi
723 216 824 269 suorum
833 219 890 288 pluf

138 302 234 352 simum
244 300 354 350 laborem
372 299 467 348 vident.
490 299 624 348 restituitur
636 296 751 347 omnibus
766 297 828 348 locis
844 314 890 387 pu-

142 394 200 444 gna,
218 379 243 426 in
255 393 309 443 quae
320 392 362 427 eos
373 378 478 444 impetus
490 377 560 426 tulit.
578 392 623 425 nec
634 374 739 425 dubium
750 387 810 440 erat,
821 379 889 442 quin,

142 455 224 509 stram
235 458 308 522 pauci
328 456 397 505 fimul
417 456 487 506 obire
505 456 591 506 omnia
606 452 710 550 possent,
727 465 796 520 terga
809 455 890 506 daturi

143 534 223 585 hostes
238 533 339 588 suerint.
467 540 472 546 '

177 617 303 662 XXXIX.
323 617 355 664 Et
371 627 448 679 quum
467 611 519 676 jam
537 622 607 679 parte
623 610 690 660 nulli
709 609 889 683 sustinerentur,

142 687 186 740 dat
200 689 293 754 signum
303 691 424 742 Volscus
418 701 560 757 imperator,
577 701 606 739 ut
618 691 743 756 pennatis,
761 705 835 742 novae
846 706 890 738 co·

143 768 211 818 horti
224 770 339 836 hostiurn,
355 771 424 820 loeus
435 769 514 834 detur,
530 770 627 820 donec
621 779 715 835 impetu
727 769 787 819 illati
799 768 830 818 ab
843 767 890 820 suit

141 848 315 900 excludantur.
335 848 412 914 Quod
423 850 467 899 ubi
483 847 517 898 est
527 848 627 910 fastum,
645 847 765 897 interclusi
777 848 889 912 equites:

143 938 190 977 nec
201 927 358 993 perrumpere
370 926 462 989 cedem,
472 925 680 991 qudtransrerant,
692 924 774 990 posl‘e;
792 925 827 973 ibi
837 939 889 973 ma-

143 1004 213 1054 xime
224 1003 341 1054 consertis
351 1004 469 1067 hostibus,
485 1004 533 1068 qud
545 1004 613 1052 viam
628 1002 749 1052 fecerant:
769 1003 794 1053 δι
805 1000 890 1052 eousul

143 1080 302 1146 legionesque
312 1086 440 1144 Romanae,
457 1095 543 1146 quum,
560 1078 627 1146 quod
643 1087 758 1144 tegumen
774 1080 850 1130 rnodd
860 1095 890 1128 o-

143 1160 209 1209 mnis
220 1160 342 1208 exereitus
357 1159 445 1220 suerat,
462 1156 583 1222 nusquam
600 1148 721 1220 viderent,
732 1173 769 1206 ne
786 1169 825 1213 tot
839 1158 890 1207 sor·

143 1234 244 1290 tissimus
259 1236 326 1286 viros
335 1231 478 1284 interclusos
489 1234 639 1298 opprimeret
651 1232 733 1295 hostis,
750 1234 853 1284 tendunt
864 1232 891 1284 in

143 1323 314 1376 quemcunque
333 1309 424 1360 casum.
458 1309 556 1359 Diversi
576 1308 668 1372 Volsci,
685 1311 744 1358 hinc
764 1311 890 1362 consulem

105 1380 110 1394 '
142 1401 172 1438 ac
183 1388 292 1450 legiones
307 1381 429 1449 sustinere,
449 1387 526 1436 alterd
544 1385 626 1436 sronte
645 1385 732 1435 instare
748 1391 890 1454 Tempanio

142 1475 218 1529 atque
229 1465 360 1529 equitibus.
378 1465 421 1529 qui
433 1478 509 1529 quum
521 1460 583 1529 saepe
599 1463 680 1512 conati
693 1463 827 1529 nequissent
837 1481 893 1530 per.

142 1555 257 1610 rumpere
268 1542 298 1592 ad
310 1541 374 1606 suos,
386 1541 483 1595 tumulo
499 1531 607 1606 quodam
619 1551 750 1608 occupato,
765 1543 790 1592 in
802 1543 890 1594 orbem
951 1597 956 1603 ,

131 1619 328 1697 scrutabantur,
345 1635 502 1686 nequaquam
513 1619 595 1670 inulti.
614 1621 668 1669 Nec
678 1635 766 1686 pugna
778 1619 834 1668 finis
845 1636 889 1670 an-

141 1707 168 1753 te
178 1696 275 1748 nostem
286 1697 343 1747 suit.
365 1696 451 1746 consul
465 1698 573 1762 quoque,
591 1695 711 1761 nusquam
726 1695 824 1746 remisso
835 1713 888 1747 cer·

142 1775 244 1844 tamine,
261 1773 321 1826 dum
330 1774 463 1840 quicquam
475 1772 595 1841 superfuit
605 1772 674 1835 lucis,
692 1773 785 1825 hostem
794 1775 889 1826 renuit:

142 1867 197 1909 nox
208 1854 313 1906 incertos
325 1853 438 1904 diremit:
458 1851 587 1917 tantusque
595 1852 627 1901 ab
637 1851 801 1918 imprudentia
813 1869 888 1903 even-

142 1932 182 1983 mr
193 1943 297 1997 utraque
310 1931 385 1983 castra
403 1930 484 1981 tenuit
501 1945 590 1997 pavor,
607 1940 644 1992 ut,
659 1928 748 1979 relistis
760 1918 846 1980 sauciis
863 1931 889 1982 8<

141 2011 232 2075 magns
246 2020 314 2075 parte
326 2009 568 2076 irnpedimentorum
585 2004 660 2056 ambo
675 2024 720 2075 pro
732 2007 803 2057 vislis
817 2024 888 2068 εχει,

142 2089 205 2138 eitun
217 2088 240 2147 se
255 2089 281 2134 in
294 2099 389 2138 montes
400 2088 529 2152 proximos
540 2085 685 2150 reciperent.
716 2084 839 2135 Tumulus
851 2097 888 2134 ta·

141 2179 200 2216 meu
209 2162 381 2219 *circumsessus
395 2164 458 2211 ultra
470 2162 575 2210 mediam
587 2159 683 2208 noslem
695 2160 736 2209 est.
755 2165 889 2227 quoquutn

140 2238 373 2302 circumsedentibus
388 2241 532 2288 nunciatum
550 2235 616 2299 esset,
633 2235 708 2285 casira
722 2236 815 2303 deserta
832 2239 887 2305 esse,

139 2315 221 2369 villos
239 2315 285 2363 rati
297 2314 362 2376 suos,
382 2314 407 2362 ἃ
418 2313 469 2381 ipsi,
487 2313 536 2378 qud
551 2325 672 2377 quemque
684 2313 710 2361 in
726 2314 832 2364 tenebris
843 2331 887 2382 pa-

138 2389 264 2457 vortullt,
281 2393 406 2460 fugerunt.
441 2391 595 2459 Tempanius
606 2401 677 2440 metu
696 2391 838 2442 insrdiarum
850 2396 890 2444 su.

139 2485 169 2524 os
181 2470 218 2521 ad-
229 2473 308 2522 lucem
319 2471 408 2528 tenuit.
425 2467 539 2533 digressus
556 2467 643 2519 deinde
662 2469 713 2536 ipse
730 2484 787 2520 cum
803 2472 889 2539 paucis

140 2549 300 2618 speculatum,
318 2563 395 2615 quum
404 2548 437 2597 ab
449 2546 651 2610 sauciisnostibus
664 2545 808 2600 sciscitando
818 2565 887 2600 com-

141 2625 245 2695 perisset,
263 2627 338 2678 castra
349 2625 499 2687 Volscorum
510 2624 603 2674 deserta
611 2623 670 2688 esse,
686 2626 755 2676 letus
767 2627 797 2676 ab
809 2638 890 2678 tumu-

141 2704 168 2753 lo
185 2703 245 2754 suos
261 2703 374 2768 devocat,
392 2704 417 2754 8<
432 2704 458 2754 in
474 2702 549 2752 casira
570 2706 682 2752 Romana
700 2714 820 2769 penetrat.
846 2704 892 2772 ubi

140 2795 217 2847 quum
226 2782 293 2832 valla
302 2781 445 2848 desertaque
457 2782 549 2844 omnia,
566 2789 639 2846 atque
648 2781 758 2853 eandem,
776 2796 850 2846 quam
861 2798 889 2831 a·

140 2857 191 2924 pud
212 2859 298 2924 besses,
315 2860 449 2911 foeditatem
467 2857 605 2926 invenisset,
624 2856 763 2926 priusquam
784 2857 888 2909 Volscos

61 2968 65 2977 ·
139 2937 267 3025 cognitur
266 2955 335 2993 error
344 2939 480 3017 reduceret,
496 2938 586 3007 quibus
598 2945 696 3005 poterat
708 2937 795 2989 sauciis
811 2934 888 2986 duem

715 3047 717 3051 >
795 3014 889 3080 secum,
